symbol,exchange,mic,name,currency,type,shares_outstanding,last_updated,is_active
AA,NYSE,XNYS,Alcoa Corporation Common Stock ,USD,Common Stock,258914723,2025-10-19 04:10:25.531468,1
A,NYSE,XNYS,"Agilent Technologies, Inc. Common Stock",USD,Common Stock,283500427,2025-10-19 04:10:25.525314,1
AAM,NYSE,XNYS,AA Mission Acquisition Corp. Class A Ordinary Shares,USD,Common Stock,35349000,2025-10-19 04:10:24.617276,1
AAMI,NYSE,XNYS,Acadian Asset Management Inc. Common Stock,USD,Common Stock,35811913,2025-10-19 04:10:25.518254,1
AAP,NYSE,XNYS,Advance Auto Parts Inc.,USD,Common Stock,59984947,2025-10-19 04:10:24.611453,1
AAT,NYSE,XNYS,"American Assets Trust, Inc. Common Stock",USD,Common Stock,61152542,2025-10-19 04:10:25.529817,1
AAUC,NYSE,XNYS,Allied Gold Corporation Common Shares,USD,Common Stock,115413969,2025-10-19 04:10:24.614528,1
AB,NYSE,XNYS,AllianceBernstein Holding L.P.  Units,USD,Common Stock,110537295,2025-10-19 04:10:25.528718,1
ABBV,NYSE,XNYS,AbbVie Inc. Common Stock,USD,Common Stock,1766558253,2025-10-19 04:10:25.532809,1
ABCB,NYSE,XNYS,Ameris Bancorp Common Stock,USD,Common Stock,68586848,2025-10-19 04:10:24.768464,1
ABEV,NYSE,XNYS,Ambev S.A. American Depositary Shares (Each representing 1 Common Share),USD,Common Stock,15592433352,2025-10-19 04:10:25.532553,1
ABG,NYSE,XNYS,Asbury Automotive Group Inc Common Stock,USD,Common Stock,19660638,2025-10-19 04:10:25.530622,1
ABM,NYSE,XNYS,ABM Industries Incorporated Common Stock,USD,Common Stock,61233895,2025-10-19 04:10:25.599407,1
ABR,NYSE,XNYS,Arbor Realty Trust Common Stock,USD,Common Stock,192301414,2025-10-19 04:10:25.550853,1
ABT,NYSE,XNYS,Abbott Laboratories Common Stock,USD,Common Stock,1740459014,2025-10-19 04:10:26.423272,1
ACA,NYSE,XNYS,"Arcosa, Inc. Common Stock ",USD,Common Stock,49044906,2025-10-19 04:10:26.549441,1
ACHR,NYSE,XNYS,Archer Aviation Inc. Class A Common Stock,USD,Common Stock,645026291,2025-10-19 04:10:26.558494,1
ACEL,NYSE,XNYS,"Accel Entertainment, Inc. ",USD,Common Stock,84293802,2025-10-19 04:10:26.557691,1
ACCO,NYSE,XNYS,Acco Brands Corporation Common Stock,USD,Common Stock,90132531,2025-10-19 04:10:26.545671,1
ACI,NYSE,XNYS,"Albertsons Companies, Inc. Class A Common Stock",USD,Common Stock,549307530,2025-10-19 04:10:26.555198,1
ACM,NYSE,XNYS,AECOM Common Stock,USD,Common Stock,132446101,2025-10-19 04:10:26.559410,1
ACN,NYSE,XNYS,Accenture plc Class A Ordinary Shares (Ireland),USD,Common Stock,620138892,2025-10-19 04:10:26.603442,1
ACP,NYSE,XNYS,abrdn Income Credit Strategies Fund Common Shares,USD,Common Stock,125470678,2025-10-19 04:10:26.557905,1
ACR,NYSE,XNYS,ACRES Commercial Realty Corp. Common Stock,USD,Common Stock,7426314,2025-10-19 04:10:27.115707,1
ACRE,NYSE,XNYS,Ares Commercial Real Estate Corporation Common Stock,USD,Common Stock,55005353,2025-10-19 04:10:27.606696,1
ACV,NYSE,XNYS,Virtus Diversified Income & Convertible Fund Common Shares of Beneficial Interest,USD,Common Stock,10376587,2025-10-19 04:10:27.604049,1
ACVA,NYSE,XNYS,ACV Auctions Inc. Class A Common Stock,USD,Common Stock,172107121,2025-10-19 04:10:27.601998,1
ADC,NYSE,XNYS,Agree Realty Corporation Common Stock,USD,Common Stock,110666073,2025-10-19 04:10:27.724853,1
AD,NYSE,XNYS,"Array Digital Infrastructure, Inc. Common Shares",USD,Common Stock,53373214,2025-10-19 04:10:27.736832,1
ADCT,NYSE,XNYS,ADC Therapeutics SA Common Shares,USD,Common Stock,112499395,2025-10-19 04:10:27.727852,1
ADNT,NYSE,XNYS,Adient plc Ordinary Shares ,USD,Common Stock,81245928,2025-10-19 04:10:27.662536,1
ADM,NYSE,XNYS,Archer-Daniels-Midland Company Common Stock,USD,Common Stock,480464483,2025-10-19 04:10:27.722131,1
ADT,NYSE,XNYS,ADT Inc. Common Stock,USD,Common Stock,765336105,2025-10-19 04:10:27.730810,1
ADX,NYSE,XNYS,Adams Diversified Equity Fund Inc.,USD,Common Stock,120125125,2025-10-19 04:10:27.739396,1
AEE,NYSE,XNYS,Ameren Corporation Common Stock,USD,Common Stock,270409918,2025-10-19 04:10:27.847943,1
AEG,NYSE,XNYS,Aegon Ltd. New York Registry Shares,USD,Common Stock,1565525760,2025-10-19 04:10:28.006431,1
AEM,NYSE,XNYS,Agnico Eagle Mines Limited Common Stock,USD,Common Stock,502341970,2025-10-19 04:10:27.969345,1
AEO,NYSE,XNYS,"American Eagle Outfitters, Inc. Common Stock",USD,Common Stock,169338842,2025-10-19 04:10:27.969781,1
AER,NYSE,XNYS,AerCap Holdings N.V. Ordinary Shares,USD,Common Stock,178309768,2025-10-19 04:10:27.978504,1
AESI,NYSE,XNYS,Atlas Energy Solutions Inc. Common Stock,USD,Common Stock,123738998,2025-10-19 04:10:28.082955,1
AES,NYSE,XNYS,The AES Corporation Common Stock,USD,Common Stock,712049564,2025-10-19 04:10:28.074784,1
AEXA,NYSE,XNYS,American Exceptionalism Acquisition Corp. A Class A Ordinary Shares,USD,Common Stock,34675000,2025-10-19 04:10:28.072625,1
AFB,NYSE,XNYS,AllianceBernstein National Municipal Income Fund Inc,USD,Common Stock,28744936,2025-10-19 04:10:28.097655,1
AFG,NYSE,XNYS,"American Financial Group, Inc. Common Stock",USD,Common Stock,83394479,2025-10-19 04:10:28.096737,1
AFGC,NYSE,XNYS,"American Financial Group, Inc. 5.125% Subordinated Debentures due 2059",USD,Common Stock,998060,2025-10-19 04:10:28.162368,1
AFL,NYSE,XNYS,AFLAC Incorporated Common Stock,USD,Common Stock,534831490,2025-10-19 04:10:28.211382,1
AGCO,NYSE,XNYS,AGCO Corporation Common Stock,USD,Common Stock,74620227,2025-10-19 04:10:28.656059,1
AG,NYSE,XNYS,First Majestic Silver Corp. Ordinary Shares (Canada),USD,Common Stock,490028835,2025-10-19 04:10:28.275628,1
AGD,NYSE,XNYS,abrdn Global Dynamic Dividend Fund Common Shares of Beneficial Interest,USD,Common Stock,24877555,2025-10-19 04:10:28.712214,1
AGI,NYSE,XNYS,Alamos Gold Inc. Class A Common Shares,USD,Common Stock,420429090,2025-10-19 04:10:28.655453,1
AGL,NYSE,XNYS,"agilon health, inc. Common Stock",USD,Common Stock,414423149,2025-10-19 04:10:28.652073,1
AGM,NYSE,XNYS,Federal Agricultural Mortgage Corporation Common Stock,USD,Common Stock,9402841,2025-10-19 04:10:28.775540,1
AGO,NYSE,XNYS,Assured Guaranty Ltd. Common Stock,USD,Common Stock,47593219,2025-10-19 04:10:28.829060,1
AGRO,NYSE,XNYS,Adecoagro S.A. Common Shares,USD,Common Stock,100069440,2025-10-19 04:10:28.908061,1
AGX,NYSE,XNYS,"Argan, Inc. Common Stock",USD,Common Stock,13811575,2025-10-19 04:10:29.238054,1
AHH,NYSE,XNYS,"Armada Hoffler Properties, Inc. Common Stock",USD,Common Stock,80158804,2025-10-19 04:10:29.206249,1
AHL,NYSE,XNYS,Aspen Insurance Holdings Limited Class A Ordinary Shares,USD,Common Stock,91838366,2025-10-19 04:10:29.641561,1
AHR,NYSE,XNYS,"American Healthcare REIT, Inc. Common Stock",USD,Common Stock,168575204,2025-10-19 04:10:30.079087,1
AHT,NYSE,XNYS,Ashford Hospitality Trust Inc Common Stock,USD,Common Stock,6132193,2025-10-19 04:10:30.069973,1
AI,NYSE,XNYS,"C3.ai, Inc. Class A Common Stock",USD,Common Stock,134349704,2025-10-19 04:10:30.671572,1
AII,NYSE,XNYS,"American Integrity Insurance Group, Inc. Common Stock",USD,Common Stock,19571965,2025-10-19 04:10:30.664066,1
AIG,NYSE,XNYS,"American International Group, Inc. New Common Stock",USD,Common Stock,554003850,2025-10-19 04:10:30.200073,1
AIN,NYSE,XNYS,Albany International Corporation Common Stock,USD,Common Stock,29468056,2025-10-19 04:10:30.788328,1
AIO,NYSE,XNYS,Virtus Artificial Intelligence & Technology Opportunities Fund Common Shares of Beneficial Interest,USD,Common Stock,34430453,2025-10-19 04:10:31.094288,1
AIR,NYSE,XNYS,AAR Corp. Common Stock,USD,Common Stock,39562491,2025-10-19 04:10:30.780200,1
AIT,NYSE,XNYS,"Applied Industrial Technologies, Inc. Common Stock",USD,Common Stock,37751071,2025-10-19 04:10:31.093217,1
AIV,NYSE,XNYS,Apartment Investment and Management Company Common Stock,USD,Common Stock,142331227,2025-10-19 04:10:31.097131,1
AIZ,NYSE,XNYS,"Assurant, Inc. Common Stock",USD,Common Stock,50459211,2025-10-19 04:10:31.124297,1
AJG,NYSE,XNYS,Arthur J. Gallagher & Co. Common Stock,USD,Common Stock,256363000,2025-10-19 04:10:31.100799,1
AKA,NYSE,XNYS,a.k.a. Brands Holding Corp. Common Stock,USD,Common Stock,10844082,2025-10-19 04:10:31.211531,1
AKR,NYSE,XNYS,Acadia Realty Trust Common Stock,USD,Common Stock,131013079,2025-10-19 04:10:31.217773,1
AL,NYSE,XNYS,Air Lease Corporation Class A Common Stock,USD,Common Stock,111765032,2025-10-19 04:10:31.527527,1
ALB,NYSE,XNYS,Albemarle Corporation Common Stock,USD,Common Stock,117682932,2025-10-19 04:10:31.530379,1
ALEX,NYSE,XNYS,"Alexander & Baldwin, Inc. Common Stock REIT Holding Company",USD,Common Stock,72753270,2025-10-19 04:10:31.962022,1
ALC,NYSE,XNYS,Alcon Inc. Ordinary Shares,USD,Common Stock,494400000,2025-10-19 04:10:31.953786,1
ALE,NYSE,XNYS,"Allete, Inc.",USD,Common Stock,58035364,2025-10-19 04:10:31.959144,1
ALG,NYSE,XNYS,"Alamo Group, Inc. Common Stock",USD,Common Stock,12110910,2025-10-19 04:10:31.984741,1
ALH,NYSE,XNYS,Alliance Laundry Holdings Inc. Common Stock,USD,Common Stock,202826920,2025-10-19 04:10:31.956330,1
ALIT,NYSE,XNYS,"Alight, Inc. Class A Common Stock",USD,Common Stock,528867922,2025-10-19 04:10:31.985577,1
ALK,NYSE,XNYS,"Alaska Air Group, Inc. Common Stock",USD,Common Stock,115310451,2025-10-19 04:10:31.985100,1
ALL,NYSE,XNYS,Allstate Corporation (The) Common Stock,USD,Common Stock,263505334,2025-10-19 04:10:32.397537,1
ALLE,NYSE,XNYS,Allegion plc Ordinary Shares,USD,Common Stock,85846520,2025-10-19 04:10:32.511594,1
ALSN,NYSE,XNYS,"Allison Transmission Holdings, Inc. Common Stock",USD,Common Stock,83616722,2025-10-19 04:10:32.531758,1
ALLY,NYSE,XNYS,Ally Financial Inc. Common Stock,USD,Common Stock,307808031,2025-10-19 04:10:32.832408,1
ALTG,NYSE,XNYS,Alta Equipment Group Inc. Class A Common Stock,USD,Common Stock,32047943,2025-10-19 04:10:32.829718,1
ALUR,NYSE,XNYS,"Allurion Technologies, Inc. Common Stock",USD,Common Stock,7762681,2025-10-19 04:10:32.836885,1
ALV,NYSE,XNYS,"Autoliv, Inc. Common Stock",USD,Common Stock,75965348,2025-10-19 04:10:32.960739,1
ALX,NYSE,XNYS,"Alexander's, Inc. Common Stock",USD,Common Stock,5107290,2025-10-19 04:10:32.963636,1
AM,NYSE,XNYS,Antero Midstream Corporation Common Stock,USD,Common Stock,478411000,2025-10-19 04:10:33.254394,1
AMBC,NYSE,XNYS,"Ambac Financial Group, Inc. Common Stock",USD,Common Stock,46401736,2025-10-19 04:10:33.261511,1
AMBP,NYSE,XNYS,Ardagh Metal Packaging S.A. Ordinary Shares,USD,Common Stock,597699586,2025-10-19 04:10:33.688543,1
AMC,NYSE,XNYS,"AMC Entertainment Holdings, Inc. Class A Common Stock",USD,Common Stock,512943561,2025-10-19 04:10:33.262757,1
AMBQ,NYSE,XNYS,"Ambiq Micro, Inc. Common Stock",USD,Common Stock,18235262,2025-10-19 04:10:33.258683,1
AMCR,NYSE,XNYS,Amcor plc Ordinary Shares,USD,Common Stock,2308359941,2025-10-19 04:10:33.683489,1
AME,NYSE,XNYS,"AMETEK, Inc.",USD,Common Stock,230953960,2025-10-19 04:10:33.711888,1
AMG,NYSE,XNYS,"Affiliated Managers Group, Inc. Common Stock",USD,Common Stock,28412063,2025-10-19 04:10:33.690889,1
AMH,NYSE,XNYS,American Homes 4 Rent Common Shares of Beneficial Interest,USD,Common Stock,370275288,2025-10-19 04:10:33.681617,1
AMN,NYSE,XNYS,AMN Healthcare Services Inc,USD,Common Stock,38324255,2025-10-19 04:10:34.184721,1
AMP,NYSE,XNYS,"Ameriprise Financial, Inc. Common Stock",USD,Common Stock,94271565,2025-10-19 04:10:34.186418,1
AMPX,NYSE,XNYS,"Amprius Technologies, Inc. Common Stock",USD,Common Stock,125075837,2025-10-19 04:10:34.185495,1
AMPY,NYSE,XNYS,Amplify Energy Corp. Common Stock,USD,Common Stock,40466053,2025-10-19 04:10:34.189642,1
AMR,NYSE,XNYS,"Alpha Metallurgical Resources, Inc. Common Stock",USD,Common Stock,13053823,2025-10-19 04:10:34.317531,1
AMRC,NYSE,XNYS,"Ameresco, Inc. Class A Common Stock",USD,Common Stock,34703659,2025-10-19 04:10:34.325257,1
AMRZ,NYSE,XNYS,Amrize Ltd Ordinary Shares,USD,Common Stock,553082069,2025-10-19 04:10:34.318406,1
AMT,NYSE,XNYS,American Tower Corporation (REIT) Common Stock,USD,Common Stock,468251225,2025-10-19 04:10:34.329291,1
AMTB,NYSE,XNYS,Amerant Bancorp Inc. Class A Common Stock,USD,Common Stock,41952590,2025-10-19 04:10:34.433382,1
AMTD,NYSE,XNYS,"AMTD IDEA Group American Depositary Shares, each representing six (6) Class A Ordinary Shares",USD,Common Stock,42487253,2025-10-19 04:10:34.440991,1
AMTM,NYSE,XNYS,"Amentum Holdings, Inc. Common Stock",USD,Common Stock,243328645,2025-10-19 04:10:34.444324,1
AMWL,NYSE,XNYS,American Well Corporation Class A Common Stock,USD,Common Stock,14504796,2025-10-19 04:10:34.752000,1
AMX,NYSE,XNYS,"America Movil, S.A.B. de C.V. American Depositary Shares (each representing the right to receive twenty (20) Series B Shares",USD,Common Stock,3015600000,2025-10-19 04:10:34.787071,1
AN,NYSE,XNYS,"AutoNation, Inc. Common Stock",USD,Common Stock,37706017,2025-10-19 04:10:34.756865,1
ANET,NYSE,XNYS,"Arista Networks, Inc. Common Stock",USD,Common Stock,1256865381,2025-10-19 04:10:34.763160,1
ANF,NYSE,XNYS,Abercrombie & Fitch Company Common Stock,USD,Common Stock,47069818,2025-10-19 04:10:34.758877,1
ANRO,NYSE,XNYS,"Alto Neuroscience, Inc. Common Stock",USD,Common Stock,27076629,2025-10-19 04:10:34.880159,1
ANGX,NYSE,XNYS,"Angel Studios, Inc. Class A Common Stock",USD,Common Stock,89999316,2025-10-19 04:10:34.876734,1
ANVS,NYSE,XNYS,"Annovis Bio, Inc. Common Stock",USD,Common Stock,23302377,2025-10-19 04:10:34.873700,1
AOD,NYSE,XNYS,abrdn Total Dynamic Dividend Fund Common Shares of Beneficial Interest,USD,Common Stock,105430999,2025-10-19 04:10:34.878919,1
AOMR,NYSE,XNYS,"Angel Oak Mortgage REIT, Inc. Common Stock",USD,Common Stock,23765202,2025-10-19 04:10:35.002404,1
AON,NYSE,XNYS,Aon plc Class A Ordinary Shares (Ireland),USD,Common Stock,215626597,2025-10-19 04:10:35.060236,1
AORT,NYSE,XNYS,"Artivion, Inc. Common Stock",USD,Common Stock,47183658,2025-10-19 04:10:35.003487,1
AOS,NYSE,XNYS,A.O. Smith Corporation Common Stock,USD,Common Stock,114259519,2025-10-19 04:10:35.520420,1
AP,NYSE,XNYS,Ampco-Pittsburgh Corporation Common Stock,USD,Common Stock,20317030,2025-10-19 04:10:35.133762,1
APD,NYSE,XNYS,"Air Products and Chemicals, Inc. Common Stock",USD,Common Stock,222553640,2025-10-19 04:10:35.418804,1
APG,NYSE,XNYS,APi Group Corporation Common Stock,USD,Common Stock,415888477,2025-10-19 04:10:35.172858,1
APH,NYSE,XNYS,Amphenol Corporation Common Stock,USD,Common Stock,1220921111,2025-10-19 04:10:35.508215,1
APAM,NYSE,XNYS,Artisan Partners Asset Management Inc. Class A Common Stock,USD,Common Stock,70470817,2025-10-19 04:10:35.135611,1
APO,NYSE,XNYS,"Apollo Global Management, Inc. (New) Common Stock",USD,Common Stock,572026735,2025-10-19 04:10:35.518689,1
APLE,NYSE,XNYS,"Apple Hospitality REIT, Inc. Common Shares",USD,Common Stock,236989845,2025-10-19 04:10:35.516842,1
AQN,NYSE,XNYS,Algonquin Power & Utilities Corp. Common Shares,USD,Common Stock,768025001,2025-10-19 04:10:35.645507,1
APTV,NYSE,XNYS,Aptiv PLC Ordinary Shares,USD,Common Stock,217759811,2025-10-19 04:10:35.638535,1
AR,NYSE,XNYS,Antero Resources Corporation Common Stock,USD,Common Stock,308931000,2025-10-19 04:10:35.639143,1
ARCO,NYSE,XNYS,Arcos Dorados Holdings Inc. Class A Shares,USD,Common Stock,130663057,2025-10-19 04:10:36.082202,1
ARDC,NYSE,XNYS,"Ares Dynamic Credit Allocation Fund, Inc. Common Shares",USD,Common Stock,23872706,2025-10-19 04:10:36.202269,1
ARDT,NYSE,XNYS,"Ardent Health, Inc. Common Stock",USD,Common Stock,143106447,2025-10-19 04:10:36.053961,1
ARE,NYSE,XNYS,"Alexandria Real Estate Equities, Inc. Common Stock",USD,Common Stock,170721043,2025-10-19 04:10:36.081707,1
ARES,NYSE,XNYS,Ares Management Corporation Class A Common Stock,USD,Common Stock,215934693,2025-10-19 04:10:36.053168,1
ARL,NYSE,XNYS,"American Realty Investors, Inc. Common Stock",USD,Common Stock,16152043,2025-10-19 04:10:36.474052,1
ARLO,NYSE,XNYS,"Arlo Technologies, Inc. Common Stock",USD,Common Stock,104370654,2025-10-19 04:10:36.481335,1
ARI,NYSE,XNYS,"Apollo Commercial Real Estate Finance, Inc",USD,Common Stock,138943831,2025-10-19 04:10:36.168723,1
ARMK,NYSE,XNYS,Aramark Common Stock,USD,Common Stock,262850908,2025-10-19 04:10:36.485493,1
AROC,NYSE,XNYS,"Archrock, Inc. Common Stock",USD,Common Stock,175821435,2025-10-19 04:10:36.630044,1
ARX,NYSE,XNYS,Accelerant Holdings Class A Common Shares,USD,Common Stock,112745135,2025-10-19 04:10:36.908885,1
ARR,NYSE,XNYS,"ARMOUR Residential REIT, Inc.",USD,Common Stock,115340496,2025-10-19 04:10:36.908167,1
ARW,NYSE,XNYS,"Arrow Electronics, Inc. Common Stock",USD,Common Stock,51501705,2025-10-19 04:10:36.912347,1
AS,NYSE,XNYS,"Amer Sports, Inc. Ordinary Shares",USD,Common Stock,554571446,2025-10-19 04:10:36.916006,1
ASA,NYSE,XNYS,ASA  Gold and Precious Metals Limited,USD,Common Stock,18872332,2025-10-19 04:10:36.911891,1
ASB,NYSE,XNYS,Associated Banc-Corp Common Stock,USD,Common Stock,165848030,2025-10-19 04:10:37.018543,1
ASAN,NYSE,XNYS,"Asana, Inc. Class A Common Stock",USD,Common Stock,156685245,2025-10-19 04:10:37.036935,1
ASG,NYSE,XNYS,"Liberty All-Star Growth Fund, Inc.",USD,Common Stock,61958696,2025-10-19 04:10:37.152502,1
ASC,NYSE,XNYS,Ardmore Shipping Corporation Common Stock,USD,Common Stock,40694339,2025-10-19 04:10:37.158644,1
ASGI,NYSE,XNYS,abrdn Global Infrastructure Income Fund Common Shares of Beneficial Interest,USD,Common Stock,28944192,2025-10-19 04:10:37.165042,1
ASGN,NYSE,XNYS,ASGN Incorporated Common Stock,USD,Common Stock,43800000,2025-10-19 04:10:37.170388,1
ASH,NYSE,XNYS,Ashland Inc. Common Stock,USD,Common Stock,45705958,2025-10-19 04:10:37.595039,1
ASIC,NYSE,XNYS,Ategrity Specialty Insurance Company Holdings Common Stock,USD,Common Stock,48066674,2025-10-19 04:10:37.589192,1
ASIX,NYSE,XNYS,AdvanSix Inc. Common Stock ,USD,Common Stock,26844187,2025-10-19 04:10:37.289239,1
ASPN,NYSE,XNYS,"Aspen Aerogels, Inc. Common Stock",USD,Common Stock,82360491,2025-10-19 04:10:37.593649,1
ASR,NYSE,XNYS,"Grupo Aeroportuario del Sureste, S.A. de C.V. Common Stock",USD,Common Stock,27705000,2025-10-19 04:10:37.595906,1
ASX,NYSE,XNYS,"ASE Technology Holding Co., Ltd. American Depositary Shares (each representing Two Common Shares) ",USD,Common Stock,2174617116,2025-10-19 04:10:37.592778,1
ATGE,NYSE,XNYS,Adtalem Global Education Inc. Common Stock,USD,Common Stock,36331234,2025-10-19 04:10:37.701457,1
ATEN,NYSE,XNYS,"A10 Networks, Inc. Common Stock",USD,Common Stock,72152615,2025-10-19 04:10:37.718331,1
ATHM,NYSE,XNYS,"Autohome Inc. American Depositary Shares, each representing four class A ordinary shares.",USD,Common Stock,118443735,2025-10-19 04:10:37.825074,1
ATI,NYSE,XNYS,ATI Inc. Common Stock,USD,Common Stock,137832132,2025-10-19 04:10:37.848151,1
ATKR,NYSE,XNYS,Atkore Inc. Common Stock,USD,Common Stock,33655743,2025-10-19 04:10:37.962430,1
ATMU,NYSE,XNYS,Atmus Filtration Technologies Inc. Common Stock,USD,Common Stock,82151983,2025-10-19 04:10:38.058334,1
ATO,NYSE,XNYS,Atmos Energy Corporation Common Stock,USD,Common Stock,160523571,2025-10-19 04:10:37.953776,1
ATR,NYSE,XNYS,"AptarGroup, Inc. Common Stock",USD,Common Stock,65880522,2025-10-19 04:10:37.956488,1
ATS,NYSE,XNYS,ATS Corporation Common Shares,USD,Common Stock,96595792,2025-10-19 04:10:38.005242,1
ATUS,NYSE,XNYS,"Altice USA, Inc. Class A Common Stock",USD,Common Stock,284420951,2025-10-19 04:10:38.373547,1
AU,NYSE,XNYS,AngloGold Ashanti PLC Ordinary Shares,USD,Common Stock,504744430,2025-10-19 04:10:38.379329,1
AUB,NYSE,XNYS,Atlantic Union Bankshares Corporation Common Stock,USD,Common Stock,142511041,2025-10-19 04:10:38.502970,1
AUNA,NYSE,XNYS,Auna SA Class A Ordinary Shares,USD,Common Stock,30095388,2025-10-19 04:10:38.502349,1
AVA,NYSE,XNYS,Avista Corporation Common Stock,USD,Common Stock,81110750,2025-10-19 04:10:38.489353,1
AVAL,NYSE,XNYS,Grupo Aval Acciones y Valores S.A. ADR (Each representing 20 preferred shares),USD,Common Stock,1188172555,2025-10-19 04:10:38.593327,1
AVB,NYSE,XNYS,"AvalonBay Communities, Inc. Common Stock",USD,Common Stock,142383022,2025-10-19 04:10:38.507159,1
AVBC,NYSE,XNYS,"Avidia Bancorp, Inc. Common Stock",USD,Common Stock,20076250,2025-10-19 04:10:38.506193,1
AVD,NYSE,XNYS,American Vanguard Corporation Common Stock ($0.10 Par Value),USD,Common Stock,28431276,2025-10-19 04:10:38.505175,1
AVK,NYSE,XNYS,Advent Convertible and Income Fund,USD,Common Stock,44148745,2025-10-19 04:10:38.625879,1
AVNS,NYSE,XNYS,"Avanos Medical, Inc. Common Stock",USD,Common Stock,46402481,2025-10-19 04:10:38.669494,1
AVNT,NYSE,XNYS,Avient Corporation Common Stock,USD,Common Stock,91540567,2025-10-19 04:10:38.631442,1
AVTR,NYSE,XNYS,"Avantor, Inc. Common Stock",USD,Common Stock,681738675,2025-10-19 04:10:38.705914,1
AVY,NYSE,XNYS,Avery Dennison Corporation Common Stock,USD,Common Stock,77981594,2025-10-19 04:10:38.626850,1
AWF,NYSE,XNYS,Alliancebernstein Global High Income Fund,USD,Common Stock,86229677,2025-10-19 04:10:38.747381,1
AWI,NYSE,XNYS,Armstrong World Industries Inc Common Stock,USD,Common Stock,43258332,2025-10-19 04:10:38.749083,1
AWK,NYSE,XNYS,"American Water Works Company, Inc. Common Stock",USD,Common Stock,195098566,2025-10-19 04:10:38.862562,1
AWP,NYSE,XNYS,abrdn Global Premier Properties Fund Common Shares of Beneficial Interest,USD,Common Stock,86676970,2025-10-19 04:10:39.193200,1
AWR,NYSE,XNYS,American States Water Company Common Stock,USD,Common Stock,38509038,2025-10-19 04:10:39.161905,1
AX,NYSE,XNYS,"Axos Financial, Inc. Common Stock",USD,Common Stock,56595223,2025-10-19 04:10:39.159725,1
AXL,NYSE,XNYS,"American Axle & Manufacturing Holdings, Inc. Common Stock",USD,Common Stock,118664153,2025-10-19 04:10:39.174138,1
AXP,NYSE,XNYS,American Express Company Common Stock,USD,Common Stock,689000000,2025-10-19 04:10:39.155836,1
AXR,NYSE,XNYS,AMREP Corporation Common Stock,USD,Common Stock,5305949,2025-10-19 04:10:39.169768,1
AXS,NYSE,XNYS,Axis Capital Holdings Limited Common Stock,USD,Common Stock,78173983,2025-10-19 04:10:39.170700,1
AXTA,NYSE,XNYS,Axalta Coating Systems Ltd. Common Shares,USD,Common Stock,216574150,2025-10-19 04:10:39.313035,1
AYI,NYSE,XNYS,Acuity Inc. Common Stock,USD,Common Stock,30644832,2025-10-19 04:10:39.311735,1
AZO,NYSE,XNYS,"AutoZone, Inc. Common Stock",USD,Common Stock,16665000,2025-10-19 04:10:39.599450,1
AZZ,NYSE,XNYS,AZZ Inc.,USD,Common Stock,30057082,2025-10-19 04:10:39.602743,1
B,NYSE,XNYS,Barrick Mining Corporation Common Shares,USD,Common Stock,1705993790,2025-10-19 04:10:39.623674,1
BA,NYSE,XNYS,Boeing Company (The) Common Stock,USD,Common Stock,756157695,2025-10-19 04:10:40.047210,1
BABA,NYSE,XNYS,Alibaba Group Holding Limited American Depositary Shares each representing eight Ordinary share,USD,Common Stock,2319000000,2025-10-19 04:10:40.046606,1
BAC,NYSE,XNYS,Bank of America Corporation Common Stock,USD,Common Stock,7329421929,2025-10-19 04:10:39.742512,1
BAH,NYSE,XNYS,Booz Allen Hamilton Holding Corporation Common Stock,USD,Common Stock,123248686,2025-10-19 04:10:40.905383,1
BAK,NYSE,XNYS,Braskem SA ADR,USD,Common Stock,172530183,2025-10-19 04:10:40.903641,1
BALL,NYSE,XNYS,Ball Corporation Common Stock,USD,Common Stock,272148895,2025-10-19 04:10:41.395186,1
BALY,NYSE,XNYS,Bally's Corporation Common Stock,USD,Common Stock,49122902,2025-10-19 04:10:41.426980,1
BAM,NYSE,XNYS,Brookfield Asset Management Inc Class A Limited Voting Shares,USD,Common Stock,1613107657,2025-10-19 04:10:41.378502,1
BANC,NYSE,XNYS,"Banc of California, Inc. Common Stock",USD,Common Stock,147301051,2025-10-19 04:10:41.398498,1
BAP,NYSE,XNYS,Credicorp Ltd. Common Stock,USD,Common Stock,79366317,2025-10-19 04:10:41.506693,1
BARK,NYSE,XNYS,"BARK, Inc. Class A Common Stock",USD,Common Stock,169883114,2025-10-19 04:10:41.823169,1
BAX,NYSE,XNYS,Baxter International Inc. Common Stock,USD,Common Stock,513621061,2025-10-19 04:10:41.852481,1
BB,NYSE,XNYS,BlackBerry Limited Common Stock,USD,Common Stock,590361084,2025-10-19 04:10:41.823656,1
BBAI,NYSE,XNYS,"BigBear.ai, Inc. Common Stock",USD,Common Stock,436518932,2025-10-19 04:10:41.851749,1
BBAR,NYSE,XNYS,Banco BBVA Argentina S.A. ADS,USD,Common Stock,204236693,2025-10-19 04:10:41.929368,1
BBBY,NYSE,XNYS,"Bed Bath & Beyond, Inc. Common Stock",USD,Common Stock,61928481,2025-10-19 04:10:41.939441,1
BBD,NYSE,XNYS,Banco Bradesco Sa American Depositary Shares,USD,Common Stock,5280641247,2025-10-19 04:10:42.054766,1
BBDC,NYSE,XNYS,"Barings BDC, Inc. Common Stock",USD,Common Stock,105158938,2025-10-19 04:10:42.043952,1
BBDO,NYSE,XNYS,Banco Bradesco Sa American Depositary Shares (each representing one Common Share),USD,Common Stock,5296370781,2025-10-19 04:10:42.157709,1
BBN,NYSE,XNYS,BlackRock Taxable Municipal Bond Trust Common Shares of Beneficial Interest,USD,Common Stock,61792514,2025-10-19 04:10:42.083397,1
BBT,NYSE,XNYS,Beacon Financial Corporation Common stock,USD,Common Stock,84272241,2025-10-19 04:10:42.083646,1
BBU,NYSE,XNYS,Brookfield Business Partners L.P. Limited Partnership Units ,USD,Common Stock,88828512,2025-10-19 04:10:42.053781,1
BBUC,NYSE,XNYS,Brookfield Business Corporation Class A Exchangeable Subordinate Voting Shares,USD,Common Stock,69996738,2025-10-19 04:10:42.543692,1
BBVA,NYSE,XNYS,Banco Bilbao Vizcaya Argentaria S.A. Common Stock,USD,Common Stock,5756618609,2025-10-19 04:10:42.542458,1
BBW,NYSE,XNYS,"Build-A-Bear Workshop, Inc. Common Stock",USD,Common Stock,13126157,2025-10-19 04:10:42.552018,1
BBWI,NYSE,XNYS,"Bath & Body Works, Inc.",USD,Common Stock,206187576,2025-10-19 04:10:42.540123,1
BBY,NYSE,XNYS,"Best Buy Co., Inc. Common Stock",USD,Common Stock,210101265,2025-10-19 04:10:42.545840,1
BC,NYSE,XNYS,Brunswick Corporation Common Stock,USD,Common Stock,65330800,2025-10-19 04:10:42.546757,1
BCAT,NYSE,XNYS,BlackRock Capital Allocation Term Trust Common Shares of Beneficial Interest,USD,Common Stock,104775271,2025-10-19 04:10:42.775250,1
BCC,NYSE,XNYS,"Boise Cascade, L.L.C. Common Stock",USD,Common Stock,37337473,2025-10-19 04:10:42.665151,1
BCE,NYSE,XNYS,"BCE, Inc. Common Stock",USD,Common Stock,932525817,2025-10-19 04:10:42.664664,1
BCH,NYSE,XNYS,Banco De Chile ADS,USD,Common Stock,505085406,2025-10-19 04:10:43.093463,1
BCO,NYSE,XNYS,Brinks Company (The) Common Stock,USD,Common Stock,41662286,2025-10-19 04:10:42.774494,1
BCS,NYSE,XNYS,Barclays PLC Common Stock,USD,Common Stock,3484102707,2025-10-19 04:10:43.094478,1
BCSF,NYSE,XNYS,"Bain Capital Specialty Finance, Inc. Common Stock",USD,Common Stock,64868507,2025-10-19 04:10:43.084123,1
BCX,NYSE,XNYS,BlackRock Resources Common Shares of Beneficial Interest,USD,Common Stock,76238090,2025-10-19 04:10:43.097709,1
BDC,NYSE,XNYS,Belden Inc Common Stock,USD,Common Stock,39619837,2025-10-19 04:10:43.277767,1
BDJ,NYSE,XNYS,Blackrock Enhanced Equity Dividend Trust,USD,Common Stock,176944689,2025-10-19 04:10:43.207536,1
BDN,NYSE,XNYS,Brandywine Realty Trust Common Stock,USD,Common Stock,173699039,2025-10-19 04:10:43.213990,1
BDX,NYSE,XNYS,"Becton, Dickinson and Company Common Stock",USD,Common Stock,286627469,2025-10-19 04:10:43.217008,1
BE,NYSE,XNYS,Bloom Energy Corporation Class A Common Stock,USD,Common Stock,233997970,2025-10-19 04:10:43.656445,1
BEDU,NYSE,XNYS,"Bright Scholar Education Holdings Limited American Depositary Shares, each  representing four Class A Ordinary Share",USD,Common Stock,7769949,2025-10-19 04:10:43.658400,1
BEKE,NYSE,XNYS,KE Holdings Inc American Depositary Shares (each representing three Class A Ordinary Shares),USD,Common Stock,1125479998,2025-10-19 04:10:43.649790,1
BEN,NYSE,XNYS,"Franklin Resources, Inc. Common Stock",USD,Common Stock,519195475,2025-10-19 04:10:43.655439,1
BEP,NYSE,XNYS,Brookfield Renewable Partners L.P. Limited Partnership Units,USD,Common Stock,283832481,2025-10-19 04:10:43.651752,1
BEPC,NYSE,XNYS,Brookfield Renewable Corporation Brookfield Renewable Corporation Class A Subordinate Voting Shares,USD,Common Stock,144885607,2025-10-19 04:10:43.782679,1
BFAM,NYSE,XNYS,Bright Horizons Family Solutions Inc. Common Stock,USD,Common Stock,56871854,2025-10-19 04:10:44.310328,1
BFH,NYSE,XNYS,"Bread Financial Holdings, Inc. Common Stock",USD,Common Stock,46642430,2025-10-19 04:10:44.307972,1
BFK,NYSE,XNYS,BlackRock Municipal Income Trust,USD,Common Stock,43854836,2025-10-19 04:10:44.312081,1
BFLY,NYSE,XNYS,"Butterfly Network, Inc. Class A Common Stock",USD,Common Stock,225314153,2025-10-19 04:10:44.308527,1
BFS,NYSE,XNYS,"Saul Centers, Inc. Common Stock",USD,Common Stock,24366824,2025-10-19 04:10:44.429353,1
BFZ,NYSE,XNYS,BlackRock California Municipal Income Trust,USD,Common Stock,30063645,2025-10-19 04:10:44.533536,1
BG,NYSE,XNYS,Bunge Limited Common Shares,USD,Common Stock,200062018,2025-10-19 04:10:44.553451,1
BGB,NYSE,XNYS,Blackstone Strategic Credit 2027 Term Fund Common Shares of Beneficial Interest,USD,Common Stock,44664382,2025-10-19 04:10:44.555805,1
BGH,NYSE,XNYS,Barings Global Short Duration High Yield Fund Common Shares of Beneficial Interests,USD,Common Stock,20064313,2025-10-19 04:10:44.561341,1
BGR,NYSE,XNYS,BlackRock Energy and Resources Trust,USD,Common Stock,25456171,2025-10-19 04:10:44.957014,1
BGS,NYSE,XNYS,"B&G Foods, Inc. Common Stock",USD,Common Stock,80003749,2025-10-19 04:10:44.562985,1
BGSF,NYSE,XNYS,"BGSF, Inc. Common Stock",USD,Common Stock,11172258,2025-10-19 04:10:44.563579,1
BGT,NYSE,XNYS,BlackRock Floating Rate Income Trust,USD,Common Stock,27639266,2025-10-19 04:10:44.968631,1
BGX,NYSE,XNYS,Blackstone Long Short Credit Income Fund Common Shares,USD,Common Stock,12708275,2025-10-19 04:10:44.952942,1
BGY,NYSE,XNYS,Blackrock Enhanced International Dividend Trust,USD,Common Stock,90614455,2025-10-19 04:10:44.969615,1
BH,NYSE,XNYS,Biglari Holdings Inc. Class B Common Stock,USD,Common Stock,2068640,2025-10-19 04:10:44.960763,1
BHC,NYSE,XNYS,Bausch Health Companies Inc. Common Stock,USD,Common Stock,369790319,2025-10-19 04:10:45.377871,1
BHE,NYSE,XNYS,"Benchmark Electronics, Inc. Common Stock",USD,Common Stock,35910705,2025-10-19 04:10:45.380442,1
BHK,NYSE,XNYS,Blackrock Core Bond Trust,USD,Common Stock,72224224,2025-10-19 04:10:45.383066,1
BHP,NYSE,XNYS,BHP Group Limited American Depositary Shares (Each representing two Ordinary Shares),USD,Common Stock,2539105827,2025-10-19 04:10:45.381904,1
BHR,NYSE,XNYS,Braemar Hotels & Resorts Inc. Common Stock,USD,Common Stock,68219432,2025-10-19 04:10:46.228275,1
BHV,NYSE,XNYS,BlackRock Virginia Municipal Bond Trust,USD,Common Stock,1588241,2025-10-19 04:10:46.223246,1
BHVN,NYSE,XNYS,Biohaven Ltd. Common Shares ,USD,Common Stock,105790997,2025-10-19 04:10:46.259484,1
BILL,NYSE,XNYS,"BILL Holdings, Inc. Common Stock",USD,Common Stock,101628611,2025-10-19 04:10:46.218561,1
BIO,NYSE,XNYS,"Bio-Rad Laboratories, Inc. Class A Common Stock",USD,Common Stock,21992307,2025-10-19 04:10:46.222177,1
BIP,NYSE,XNYS,Brookfield Infrastructure Partners LP Limited Partnership Units,USD,Common Stock,461081508,2025-10-19 04:10:46.650427,1
BIPC,NYSE,XNYS,Brookfield Infrastructure Corporation Brookfield Infrastructure Corporation,USD,Common Stock,119051449,2025-10-19 04:10:47.073386,1
BIRK,NYSE,XNYS,Birkenstock Holding plc Ordinary Shares,USD,Common Stock,183906056,2025-10-19 04:10:47.185438,1
BIT,NYSE,XNYS,BlackRock Multi-Sector Income Trust Common Shares of Beneficial Interest,USD,Common Stock,43904505,2025-10-19 04:10:47.183941,1
BJ,NYSE,XNYS,"BJ's Wholesale Club Holdings, Inc. Common Stock",USD,Common Stock,131753378,2025-10-19 04:10:47.071695,1
BK,NYSE,XNYS,The Bank of New York Mellon Corporation Common Stock,USD,Common Stock,705240816,2025-10-19 04:10:47.257781,1
BKD,NYSE,XNYS,Brookdale Senior Living Inc. Common Stock,USD,Common Stock,237490452,2025-10-19 04:10:47.295543,1
BKE,NYSE,XNYS,"Buckle, Inc. (The) Common Stock",USD,Common Stock,51156626,2025-10-19 04:10:47.219225,1
BKH,NYSE,XNYS,Black Hills Corporation Common Stock,USD,Common Stock,72856550,2025-10-19 04:10:47.191352,1
BKKT,NYSE,XNYS,"Bakkt Holdings, Inc. Class A Common Stock",USD,Common Stock,15934137,2025-10-19 04:10:47.628500,1
BKN,NYSE,XNYS,BlackRock Investment Quality Municipal Trust Inc. (The),USD,Common Stock,17205846,2025-10-19 04:10:47.749379,1
BKSY,NYSE,XNYS,BlackSky Technology Inc. Class A Common Stock,USD,Common Stock,35464515,2025-10-19 04:10:47.744654,1
BKT,NYSE,XNYS,BlackRock Income Trust Inc. (The),USD,Common Stock,24422080,2025-10-19 04:10:47.743335,1
BKU,NYSE,XNYS,"BankUnited, Inc. Common Stock",USD,Common Stock,75212773,2025-10-19 04:10:47.853319,1
BKV,NYSE,XNYS,BKV Corporation Common Stock,USD,Common Stock,89960177,2025-10-19 04:10:47.848610,1
BLCO,NYSE,XNYS,Bausch + Lomb Corporation Common Shares,USD,Common Stock,353865790,2025-10-19 04:10:47.885711,1
BLD,NYSE,XNYS,TopBuild Corp. Common Stock,USD,Common Stock,28138831,2025-10-19 04:10:47.865200,1
BLDR,NYSE,XNYS,"Builders FirstSource, Inc. Common Stock",USD,Common Stock,110546931,2025-10-19 04:10:47.964828,1
BLE,NYSE,XNYS,BlackRock Municipal Income Trust II,USD,Common Stock,47727056,2025-10-19 04:10:47.966269,1
BLK,NYSE,XNYS,"BlackRock, Inc. Common Stock",USD,Common Stock,155100000,2025-10-19 04:10:47.975207,1
BLND,NYSE,XNYS,"Blend Labs, Inc. Class A Common Stock",USD,Common Stock,255696747,2025-10-19 04:10:47.996028,1
BLSH,NYSE,XNYS,Bullish Ordinary Shares,USD,Common Stock,146183739,2025-10-19 04:10:47.997141,1
BLW,NYSE,XNYS,Blackrock Limited Duration Income Trust,USD,Common Stock,38733559,2025-10-19 04:10:48.467571,1
BLX,NYSE,XNYS,"Banco Latinoamericano de Comercio Exterior, S.A.",USD,Common Stock,28736597,2025-10-19 04:10:48.456350,1
BMA,NYSE,XNYS,Banco Macro S.A.  ADR (representing Ten Class B Common Shares),USD,Common Stock,62817774,2025-10-19 04:10:48.471975,1
BME,NYSE,XNYS,Blackrock Health Sciences Trust,USD,Common Stock,12924103,2025-10-19 04:10:48.474268,1
BMEZ,NYSE,XNYS,BlackRock Health Sciences Term Trust Common Shares of Beneficial Interest,USD,Common Stock,62501404,2025-10-19 04:10:48.469641,1
BMI,NYSE,XNYS,"Badger Meter, Inc. Common Stock",USD,Common Stock,29468808,2025-10-19 04:10:48.466835,1
BMN,NYSE,XNYS,BlackRock 2037 Municipal Target Term Trust Common Shares of Beneficial Interest,USD,Common Stock,6147653,2025-10-19 04:10:48.592332,1
BMO,NYSE,XNYS,Bank Of Montreal Common Stock,USD,Common Stock,716306770,2025-10-19 04:10:48.597034,1
BMY,NYSE,XNYS,Bristol-Myers Squibb Company Common Stock,USD,Common Stock,2035435838,2025-10-19 04:10:48.595750,1
BN,NYSE,XNYS,Brookfield Corporation Class A Limited Voting Shares,USD,Common Stock,2243664339,2025-10-19 04:10:48.722659,1
BNED,NYSE,XNYS,"Barnes & Noble Education, Inc Common Stock",USD,Common Stock,34053847,2025-10-19 04:10:48.721872,1
BNL,NYSE,XNYS,"Broadstone Net Lease, Inc. Common Stock",USD,Common Stock,189129832,2025-10-19 04:10:48.839062,1
BNS,NYSE,XNYS,Bank Nova Scotia Halifax Pfd 3 Ordinary Shares,USD,Common Stock,1242460299,2025-10-19 04:10:48.818170,1
BNT,NYSE,XNYS,Brookfield Wealth Solutions Ltd. Class A Exchangeable Limited Voting Shares,USD,Common Stock,62120244,2025-10-19 04:10:48.885974,1
BNY,NYSE,XNYS,BlackRock New York Municipal Income Trust,USD,Common Stock,24117105,2025-10-19 04:10:48.828415,1
BOC,NYSE,XNYS,Boston Omaha Corporation Class A Common Stock,USD,Common Stock,30872876,2025-10-19 04:10:49.270312,1
BOE,NYSE,XNYS,Blackrock Enhanced Global Dividend Trust Common Shares of Beneficial Interest,USD,Common Stock,55600125,2025-10-19 04:10:49.274100,1
BOH,NYSE,XNYS,Bank of Hawaii Corporation Common Stock,USD,Common Stock,39767508,2025-10-19 04:10:49.281445,1
BOOT,NYSE,XNYS,"Boot Barn Holdings, Inc. Common Stock",USD,Common Stock,30555623,2025-10-19 04:10:49.412974,1
BORR,NYSE,XNYS,Borr Drilling Limited Common Shares,USD,Common Stock,286224866,2025-10-19 04:10:49.411027,1
BOW,NYSE,XNYS,Bowhead Specialty Holdings Inc. Common Stock,USD,Common Stock,34781565,2025-10-19 04:10:49.404430,1
BOX,NYSE,XNYS,"Box, Inc. Class A Common Stock",USD,Common Stock,144885814,2025-10-19 04:10:49.408486,1
BP,NYSE,XNYS,BP p.l.c. Common Stock,USD,Common Stock,2565197397,2025-10-19 04:10:49.397439,1
BR,NYSE,XNYS,"Broadridge Financial Solutions, Inc. Common Stock",USD,Common Stock,116719878,2025-10-19 04:10:49.521088,1
BRBR,NYSE,XNYS,"BellRing Brands, Inc. Common Stock ",USD,Common Stock,125979165,2025-10-19 04:10:49.530105,1
BRC,NYSE,XNYS,Brady Corporation Common Stock,USD,Common Stock,43555822,2025-10-19 04:10:49.591578,1
BRCC,NYSE,XNYS,BRC Inc. Class A Common Stock,USD,Common Stock,113820789,2025-10-19 04:10:49.531547,1
BRO,NYSE,XNYS,"Brown & Brown, Inc. Common Stock",USD,Common Stock,329842812,2025-10-19 04:10:49.978392,1
BROS,NYSE,XNYS,Dutch Bros Inc. Class A Common Stock,USD,Common Stock,126960284,2025-10-19 04:10:50.115413,1
BRSL,NYSE,XNYS,"Brightstar Lottery PLC Trading under the Legal Name to begin at the market open on July 21, 2025. Ordinary Shares",USD,Common Stock,189426965,2025-10-19 04:10:49.967655,1
BRSP,NYSE,XNYS,"BrightSpire Capital, Inc. Class A Common Stock",USD,Common Stock,129993935,2025-10-19 04:10:50.111036,1
BRT,NYSE,XNYS,BRT Apartments Corp. (MD) Common Stock,USD,Common Stock,17979971,2025-10-19 04:10:50.106003,1
BRW,NYSE,XNYS,Saba Capital Income & Opportunities Fund SBI,USD,Common Stock,42529493,2025-10-19 04:10:50.107948,1
BRX,NYSE,XNYS,Brixmor Property Group Inc. Common Stock,USD,Common Stock,306099542,2025-10-19 04:10:50.119526,1
BSAC,NYSE,XNYS,Banco Santander - Chile ADS,USD,Common Stock,471115317,2025-10-19 04:10:50.113596,1
BSBR,NYSE,XNYS,"Banco Santander Brasil SA American Depositary Shares, each representing one unit",USD,Common Stock,7471058861,2025-10-19 04:10:50.196678,1
BSL,NYSE,XNYS,Blackstone Senior Floating Rate 2027 Term Fund Common Shares of Beneficial Interest,USD,Common Stock,13015904,2025-10-19 04:10:50.240379,1
BSM,NYSE,XNYS,"Black Stone Minerals, L.P. Common units representing limited partner interests",USD,Common Stock,211852971,2025-10-19 04:10:50.239489,1
BST,NYSE,XNYS,BlackRock Science and Technology Trust Common Shares of Beneficial Interest,USD,Common Stock,34720019,2025-10-19 04:10:50.237138,1
BSTZ,NYSE,XNYS,BlackRock Science and Technology Term Trust Common Shares of Beneficial Interest,USD,Common Stock,68744150,2025-10-19 04:10:50.278100,1
BSX,NYSE,XNYS,Boston Scientific Corporation Common Stock,USD,Common Stock,1481751634,2025-10-19 04:10:50.235181,1
BTA,NYSE,XNYS,BlackRock Long-Term Municipal Advantage Trust Common Shares of Beneficial Interest,USD,Common Stock,13439892,2025-10-19 04:10:50.427723,1
BTCM,NYSE,XNYS,BIT Mining Limited ADS,USD,Common Stock,17840429,2025-10-19 04:10:50.432590,1
BTE,NYSE,XNYS,Baytex Energy Corp Common Shares,USD,Common Stock,768317006,2025-10-19 04:10:50.469046,1
BTI,NYSE,XNYS,"British American Tobacco  Industries, p.l.c. Common Stock ADR",USD,Common Stock,2178632416,2025-10-19 04:10:50.474635,1
BTO,NYSE,XNYS,John Hancock Financial Opportunities Fund Common Stock,USD,Common Stock,19800132,2025-10-19 04:10:50.467915,1
BTT,NYSE,XNYS,BlackRock Municipal 2030 Target Term Trust,USD,Common Stock,63931752,2025-10-19 04:10:50.466756,1
BTU,NYSE,XNYS,Peabody Energy Corporation Common Stock ,USD,Common Stock,121600000,2025-10-19 04:10:50.478016,1
BTX,NYSE,XNYS,BlackRock Technology and Private Equity Term Trust Common Shares of Beneficial Interest,USD,Common Stock,116710298,2025-10-19 04:10:50.472973,1
BTZ,NYSE,XNYS,BlackRock Credit Allocation Income Trust,USD,Common Stock,93324457,2025-10-19 04:10:50.576338,1
BUD,NYSE,XNYS,Anheuser-Busch Inbev SA Sponsored ADR (Belgium),USD,Common Stock,1730599906,2025-10-19 04:10:50.620536,1
BUI,NYSE,XNYS,"BlackRock Utility, Infrastructure & Power Opportunities Trust",USD,Common Stock,22714729,2025-10-19 04:10:50.616004,1
BUR,NYSE,XNYS,Burford Capital Limited Ordinary Shares,USD,Common Stock,218811591,2025-10-19 04:10:50.661004,1
BURL,NYSE,XNYS,"Burlington Stores, Inc. Common Stock",USD,Common Stock,63035016,2025-10-19 04:10:50.658129,1
BV,NYSE,XNYS,"BrightView Holdings, Inc. Common Stock",USD,Common Stock,94900000,2025-10-19 04:10:50.676487,1
BVN,NYSE,XNYS,Buenaventura Mining Company Inc.,USD,Common Stock,253715190,2025-10-19 04:10:51.088999,1
BW,NYSE,XNYS,"Babcock & Wilcox Enterprises, Inc. Common Stock",USD,Common Stock,101097542,2025-10-19 04:10:51.115310,1
BWA,NYSE,XNYS,BorgWarner Inc. Common Stock,USD,Common Stock,216392876,2025-10-19 04:10:51.239504,1
BWG,NYSE,XNYS,BrandywineGLOBAL Global Income Opportunities Fund Inc.,USD,Common Stock,16791836,2025-10-19 04:10:51.229595,1
BWLP,NYSE,XNYS,BW LPG Limited Common Shares,USD,Common Stock,151342653,2025-10-19 04:10:51.243046,1
BWMX,NYSE,XNYS,"Betterware de Mexico, S.A.P.I. de C.V. Ordinary Shares",USD,Common Stock,37316546,2025-10-19 04:10:51.248979,1
BWXT,NYSE,XNYS,"BWX Technologies, Inc. Common Stock",USD,Common Stock,91398740,2025-10-19 04:10:51.374129,1
BX,NYSE,XNYS,Blackstone Inc. Common Stock,USD,Common Stock,737091668,2025-10-19 04:10:51.463538,1
BXC,NYSE,XNYS,Bluelinx Holdings Inc. Common Stock,USD,Common Stock,7892416,2025-10-19 04:10:51.382572,1
BXMT,NYSE,XNYS,"Blackstone Mortgage Trust, Inc. Common Stock",USD,Common Stock,171578766,2025-10-19 04:10:51.365377,1
BXMX,NYSE,XNYS,Nuveen S&P 500 Buy-Write Income Fund Common Shares of Beneficial Interest,USD,Common Stock,104165286,2025-10-19 04:10:51.383052,1
BXP,NYSE,XNYS,"BXP, Inc. Common Stock",USD,Common Stock,158375515,2025-10-19 04:10:51.422107,1
BXSL,NYSE,XNYS,Blackstone Secured Lending Fund Common Shares of Beneficial Interest,USD,Common Stock,230232988,2025-10-19 04:10:51.462531,1
BY,NYSE,XNYS,"Byline Bancorp, Inc. Common Stock",USD,Common Stock,45864926,2025-10-19 04:10:51.507023,1
BYD,NYSE,XNYS,Boyd Gaming Corporation Common Stock,USD,Common Stock,80184203,2025-10-19 04:10:51.622243,1
BYM,NYSE,XNYS,Blackrock Municipal Income Quality Trust Common Shares of Beneficial Interest,USD,Common Stock,25903340,2025-10-19 04:10:51.619783,1
BZH,NYSE,XNYS,"Beazer Homes USA, Inc. Common Stock",USD,Common Stock,29725726,2025-10-19 04:10:51.620827,1
C,NYSE,XNYS,"Citigroup, Inc. Common Stock",USD,Common Stock,1789300000,2025-10-19 04:10:51.653269,1
CAAP,NYSE,XNYS,Corporacion America Airports SA Common Shares,USD,Common Stock,163086821,2025-10-19 04:11:30.591152,1
CABO,NYSE,XNYS,"Cable One, Inc. Common Stock",USD,Common Stock,5628990,2025-10-19 04:11:30.257321,1
CACI,NYSE,XNYS,"CACI International, Inc. Class A Common Stock",USD,Common Stock,21993796,2025-10-19 04:11:31.255589,1
CADE,NYSE,XNYS,Cadence Bank Common Stock,USD,Common Stock,186307016,2025-10-19 04:11:30.264572,1
CAE,NYSE,XNYS,CAE Inc. Ordinary Shares,USD,Common Stock,320613945,2025-10-19 04:11:30.642598,1
CAF,NYSE,XNYS,Morgan Stanley China A Share Fund Inc. Common Stock,USD,Common Stock,16987857,2025-10-19 04:11:31.153153,1
CAG,NYSE,XNYS,"ConAgra Brands, Inc. Common Stock",USD,Common Stock,478351641,2025-10-19 04:11:31.145810,1
CAH,NYSE,XNYS,"Cardinal Health, Inc. Common Stock",USD,Common Stock,237582682,2025-10-19 04:11:29.926931,1
CAL,NYSE,XNYS,"Caleres, Inc. Common Stock",USD,Common Stock,33842888,2025-10-19 04:11:30.267429,1
CALX,NYSE,XNYS,"Calix, Inc Common Stock",USD,Common Stock,65303995,2025-10-19 04:11:31.148786,1
CANG,NYSE,XNYS,"Cango Inc. American Depositary Shares,  each representing two (2) Class A Ordinary Shares",USD,Common Stock,172265225,2025-10-19 04:11:31.143468,1
CAPL,NYSE,XNYS,CrossAmerica Partners LP Common Units representing limited partner interests,USD,Common Stock,38118027,2025-10-19 04:11:31.264062,1
CARR,NYSE,XNYS,Carrier Global Corporation Common Stock ,USD,Common Stock,851022837,2025-10-19 04:11:31.325181,1
CARS,NYSE,XNYS,Cars.com Inc. Common Stock ,USD,Common Stock,61445496,2025-10-19 04:11:30.302902,1
CAT,NYSE,XNYS,"Caterpillar, Inc. Common Stock",USD,Common Stock,468478923,2025-10-19 04:11:30.495751,1
CATO,NYSE,XNYS,Cato Corporation (The) Class A Common Stock,USD,Common Stock,17962676,2025-10-19 04:11:30.625481,1
CAVA,NYSE,XNYS,"CAVA Group, Inc. Common Stock",USD,Common Stock,115954290,2025-10-19 04:11:30.622728,1
CB,NYSE,XNYS,Chubb Limited  Common Stock,USD,Common Stock,398690293,2025-10-19 04:11:31.151048,1
CBAN,NYSE,XNYS,"Colony Bankcorp, Inc. Common Stock",USD,Common Stock,17461284,2025-10-19 04:11:30.639913,1
CBL,NYSE,XNYS,"CBL & Associates Properties, Inc. Common Stock",USD,Common Stock,30933176,2025-10-19 04:11:30.786378,1
CBNA,NYSE,XNYS,"Chain Bridge Bancorp, Inc. Class A Common Stock",USD,Common Stock,3151496,2025-10-19 04:11:31.141234,1
CBRE,NYSE,XNYS,CBRE Group Inc Common Stock Class A,USD,Common Stock,297554325,2025-10-19 04:11:31.266938,1
CBT,NYSE,XNYS,Cabot Corporation Common Stock,USD,Common Stock,53203624,2025-10-19 04:11:31.261750,1
CBU,NYSE,XNYS,"Community Financial System, Inc. Common Stock",USD,Common Stock,52857077,2025-10-19 04:11:31.267554,1
CBZ,NYSE,XNYS,"CBIZ, Inc. Common Stock",USD,Common Stock,53975243,2025-10-19 04:11:31.378789,1
CC,NYSE,XNYS,Chemours Company (The) Common Stock,USD,Common Stock,149698300,2025-10-19 04:11:31.483817,1
CCI,NYSE,XNYS,Crown Castle Inc. Common Stock,USD,Common Stock,435470061,2025-10-19 04:11:31.545279,1
CCIF,NYSE,XNYS,Carlyle Credit Income Fund Shares of Beneficial Interest,USD,Common Stock,21157035,2025-10-19 04:11:31.486123,1
CCJ,NYSE,XNYS,Cameco Corporation Common Stock,USD,Common Stock,435387448,2025-10-19 04:11:31.546666,1
CCK,NYSE,XNYS,"Crown Holdings, Inc.",USD,Common Stock,116375594,2025-10-19 04:11:31.561453,1
CCL,NYSE,XNYS,Carnival Corporation Common Stock,USD,Common Stock,1167541049,2025-10-19 04:11:31.703698,1
CCM,NYSE,XNYS,Concord Medical Services Holdings Limited American Depositary Shares (Each represents thirty (30) Class A ordinary shares),USD,Common Stock,2815458,2025-10-19 04:11:31.593844,1
CCO,NYSE,XNYS,"Clear Channel Outdoor Holdings, Inc. Common Stock",USD,Common Stock,497012805,2025-10-19 04:11:31.798932,1
CCRD,NYSE,XNYS,CoreCard Corporation Common Stock,USD,Common Stock,7792382,2025-10-19 04:11:31.595706,1
CCS,NYSE,XNYS,"Century Communities, Inc. Common Stock",USD,Common Stock,29679781,2025-10-19 04:11:31.595029,1
CCU,NYSE,XNYS,"Compania Cervecerias Unidas, S.A. Common Stock",USD,Common Stock,184751436,2025-10-19 04:11:32.004010,1
CDE,NYSE,XNYS,"Coeur Mining, Inc. Common Stock",USD,Common Stock,642715694,2025-10-19 04:11:32.442991,1
CDLR,NYSE,XNYS,Cadeler A/S American Depositary Share (each representing four (4) Ordinary Shares),USD,Common Stock,87619810,2025-10-19 04:11:32.001052,1
CDP,NYSE,XNYS,COPT Defense Properties Common Shares of Beneficial Interest,USD,Common Stock,112927513,2025-10-19 04:11:32.013458,1
CDRE,NYSE,XNYS,"Cadre Holdings, Inc. Common Stock",USD,Common Stock,40663844,2025-10-19 04:11:32.430002,1
CE,NYSE,XNYS,Celanese Corporation Common Stock,USD,Common Stock,109503729,2025-10-19 04:11:32.441200,1
CEE,NYSE,XNYS,"The Central and Eastern Europe Fund, Inc. (The) Common Stock",USD,Common Stock,6458365,2025-10-19 04:11:32.120095,1
CEPU,NYSE,XNYS,Central Puerto S.A. American Depositary Shares (each represents ten Common Shares),USD,Common Stock,150274463,2025-10-19 04:11:32.437829,1
CF,NYSE,XNYS,"CF Industries Holdings, Inc. Common Stock",USD,Common Stock,161972955,2025-10-19 04:11:32.449287,1
CFG,NYSE,XNYS,"Citizens Financial Group, Inc. Common Stock",USD,Common Stock,431453142,2025-10-19 04:11:32.848190,1
CFND,NYSE,XNYS,C1 Fund Inc. Common Stock,USD,Common Stock,6766670,2025-10-19 04:11:32.854658,1
CFR,NYSE,XNYS,"Cullen/Frost Bankers, Inc. Common Stock",USD,Common Stock,64325284,2025-10-19 04:11:32.859304,1
CGAU,NYSE,XNYS,Centerra Gold Inc. Common Shares,USD,Common Stock,203306950,2025-10-19 04:11:32.965012,1
CHCT,NYSE,XNYS,Community Healthcare Trust Incorporated Common Stock,USD,Common Stock,28366744,2025-10-19 04:11:33.382824,1
CHD,NYSE,XNYS,"Church & Dwight Company, Inc. Common Stock",USD,Common Stock,243608695,2025-10-19 04:11:33.389328,1
CHE,NYSE,XNYS,Chemed Corp,USD,Common Stock,14571695,2025-10-19 04:11:33.390239,1
CHGG,NYSE,XNYS,"Chegg, Inc. Common Stock",USD,Common Stock,108326990,2025-10-19 04:11:33.381282,1
CHH,NYSE,XNYS,"Choice Hotels International, Inc. Common Stock",USD,Common Stock,46268374,2025-10-19 04:11:33.386357,1
CHMI,NYSE,XNYS,Cherry Hill Mortgage Investment Corporation Common Stock,USD,Common Stock,36045092,2025-10-19 04:11:33.383791,1
CHN,NYSE,XNYS,"China Fund, Inc. (The) Common Stock",USD,Common Stock,9612390,2025-10-19 04:11:33.505526,1
CHPT,NYSE,XNYS,"ChargePoint Holdings, Inc. Common Stock",USD,Common Stock,23353260,2025-10-19 04:11:33.499730,1
CHT,NYSE,XNYS,"Chunghwa Telecom Co., Ltd.",USD,Common Stock,775744655,2025-10-19 04:11:33.509347,1
CHWY,NYSE,XNYS,"Chewy, Inc. Class A Common Stock",USD,Common Stock,225061523,2025-10-19 04:11:33.525207,1
CI,NYSE,XNYS,The Cigna Group Common Stock,USD,Common Stock,266928075,2025-10-19 04:11:33.507925,1
CIA,NYSE,XNYS,"Citizens, Inc. Class A Common Stock ($1.00 Par)",USD,Common Stock,50245367,2025-10-19 04:11:34.332051,1
CIB,NYSE,XNYS,Grupo Cibest S.A. American Depositary Shares each representing four Preferred Shares,USD,Common Stock,113030604,2025-10-19 04:11:34.034020,1
CIEN,NYSE,XNYS,Ciena Corporation Common Stock,USD,Common Stock,141342527,2025-10-19 04:11:34.029727,1
CIF,NYSE,XNYS,MFS Intermediate High Income Fund Common Stock,USD,Common Stock,17901986,2025-10-19 04:11:34.029196,1
CIG,NYSE,XNYS,Comp En De Mn Cemig ADS American Depositary Shares,USD,Common Stock,1904080104,2025-10-19 04:11:34.022127,1
CII,NYSE,XNYS,"BlackRock Enhanced Large Cap Core Fund, Inc. Common Stock",USD,Common Stock,40917987,2025-10-19 04:11:34.025380,1
CIM,NYSE,XNYS,Chimera Investment Corporation Common Stock,USD,Common Stock,83150094,2025-10-19 04:11:34.033155,1
CINT,NYSE,XNYS,CI&T Inc Class A Common Shares,USD,Common Stock,23802836,2025-10-19 04:11:34.752360,1
CIO,NYSE,XNYS,"City Office REIT, Inc. Common Stock",USD,Common Stock,40363640,2025-10-19 04:11:34.874730,1
CION,NYSE,XNYS,CION Investment Corporation Common Stock,USD,Common Stock,52086802,2025-10-19 04:11:34.865815,1
CIVI,NYSE,XNYS,"Civitas Resources, Inc. Common Stock",USD,Common Stock,92660009,2025-10-19 04:11:34.761695,1
CL,NYSE,XNYS,Colgate-Palmolive Company Common Stock,USD,Common Stock,808220815,2025-10-19 04:11:34.758268,1
CLB,NYSE,XNYS,Core Laboratories Inc. Common Stock,USD,Common Stock,46893842,2025-10-19 04:11:34.868764,1
CLCO,NYSE,XNYS,Cool Company Ltd. Common Shares,USD,Common Stock,52868029,2025-10-19 04:11:34.862122,1
CLDT,NYSE,XNYS,Chatham Lodging Trust (REIT) Common Shares of Beneficial Interest,USD,Common Stock,48978564,2025-10-19 04:11:34.875423,1
CLF,NYSE,XNYS,Cleveland-Cliffs Inc. Common Stock,USD,Common Stock,494695276,2025-10-19 04:11:34.859630,1
CLH,NYSE,XNYS,"Clean Harbors, Inc. Common Stock",USD,Common Stock,53632607,2025-10-19 04:11:34.979666,1
CLPR,NYSE,XNYS,Clipper Realty Inc. Common Stock,USD,Common Stock,16146546,2025-10-19 04:11:34.981334,1
CLS,NYSE,XNYS,"Celestica, Inc. Common Stock",USD,Common Stock,115032686,2025-10-19 04:11:35.508248,1
CLVT,NYSE,XNYS,Clarivate Plc Ordinary Shares,USD,Common Stock,672219064,2025-10-19 04:11:35.499324,1
CLW,NYSE,XNYS,Clearwater Paper Corporation Common Stock,USD,Common Stock,16104144,2025-10-19 04:11:35.501834,1
CLX,NYSE,XNYS,Clorox Company (The) Common Stock,USD,Common Stock,121773579,2025-10-19 04:11:35.382607,1
CM,NYSE,XNYS,Canadian Imperial Bank of Commerce Common Stock,USD,Common Stock,929567607,2025-10-19 04:11:35.393608,1
CMA,NYSE,XNYS,Comerica Incorporated Common Stock,USD,Common Stock,127589080,2025-10-19 04:11:35.507129,1
CMBT,NYSE,XNYS,CMB.TECH NV Ordinary Shares,USD,Common Stock,290169769,2025-10-19 04:11:35.533092,1
CMC,NYSE,XNYS,Commercial Metals Company Common Stock,USD,Common Stock,110968083,2025-10-19 04:11:35.503625,1
CMCM,NYSE,XNYS,"Cheetah Mobile Inc. American Depositary Shares, each representing fifty (50) Class A Ordinary Shares",USD,Common Stock,10362098,2025-10-19 04:11:35.505417,1
CMDB,NYSE,XNYS,Costamare Bulkers Holdings Limited Common Stock,USD,Common Stock,24240982,2025-10-19 04:11:35.508047,1
CMG,NYSE,XNYS,"Chipotle Mexican Grill, Inc. Common Stock",USD,Common Stock,1340885000,2025-10-19 04:11:35.617714,1
CMI,NYSE,XNYS,Cummins Inc. Common Stock,USD,Common Stock,137786038,2025-10-19 04:11:36.249185,1
CMP,NYSE,XNYS,Compass Minerals Intl Inc Common Stock,USD,Common Stock,41688657,2025-10-19 04:11:35.658314,1
CMPO,NYSE,XNYS,"CompoSecure, Inc. Class A Common Stock",USD,Common Stock,102378638,2025-10-19 04:11:36.385610,1
CMRE,NYSE,XNYS,Costamare Inc. Common Stock $0.0001 par value,USD,Common Stock,120269324,2025-10-19 04:11:36.357605,1
CMS,NYSE,XNYS,CMS Energy Corporation Common Stock,USD,Common Stock,299335461,2025-10-19 04:11:36.368963,1
CMSA,NYSE,XNYS,CMS Energy Corporation 5.625% Junior Subordinated Notes due 2078,USD,Common Stock,281600000,2025-10-19 04:11:36.383136,1
CMTG,NYSE,XNYS,"Claros Mortgage Trust, Inc. Common Stock",USD,Common Stock,139822001,2025-10-19 04:11:36.480601,1
CMU,NYSE,XNYS,MFS Municipal Income Trust Common Stock,USD,Common Stock,25492782,2025-10-19 04:11:36.479154,1
CNA,NYSE,XNYS,CNA Financial Corporation Common Stock,USD,Common Stock,270665399,2025-10-19 04:11:36.529305,1
CNC,NYSE,XNYS,Centene Corporation Common Stock,USD,Common Stock,491133000,2025-10-19 04:11:36.598451,1
CNF,NYSE,XNYS,"CNFinance Holdings Limited American Depositary Shares, each representing two hundred (200) Ordinary Shares",USD,Common Stock,6858216,2025-10-19 04:11:36.688516,1
CNH,NYSE,XNYS,CNH Industrial N.V. Common Shares,USD,Common Stock,1250820050,2025-10-19 04:11:37.025577,1
CNI,NYSE,XNYS,Canadian National Railway Company Common Stock,USD,Common Stock,624200000,2025-10-19 04:11:37.022472,1
CNK,NYSE,XNYS,"Cinemark Holdings Inc Cinemark Holdings, Inc. Common Stock",USD,Common Stock,115021158,2025-10-19 04:11:37.012015,1
CNM,NYSE,XNYS,"Core & Main, Inc. Class A Common Stock",USD,Common Stock,190688721,2025-10-19 04:11:37.136934,1
CNMD,NYSE,XNYS,CONMED Corporation Common Stock,USD,Common Stock,30954963,2025-10-19 04:11:37.024677,1
CNNE,NYSE,XNYS,"Cannae Holdings, Inc. Common Stock",USD,Common Stock,58428172,2025-10-19 04:11:37.102038,1
CNO,NYSE,XNYS,"CNO Financial Group, Inc. Common Stock",USD,Common Stock,96931934,2025-10-19 04:11:37.101493,1
CNP,NYSE,XNYS,"CenterPoint Energy, Inc (Holding Co) Common Stock",USD,Common Stock,652864878,2025-10-19 04:11:37.103467,1
CNQ,NYSE,XNYS,Canadian Natural Resources Limited Common Stock,USD,Common Stock,2080596000,2025-10-19 04:11:37.427968,1
CNR,NYSE,XNYS,"Core Natural Resources, Inc. Common Stock",USD,Common Stock,51471519,2025-10-19 04:11:37.135490,1
CNS,NYSE,XNYS,Cohen & Steers Inc Common Stock,USD,Common Stock,50996660,2025-10-19 04:11:37.431809,1
CNX,NYSE,XNYS,CNX Resources Corporation Common Stock,USD,Common Stock,141418560,2025-10-19 04:11:37.139668,1
CODI,NYSE,XNYS,D/B/A Compass Diversified Holdings Shares of Beneficial Interest,USD,Common Stock,75235966,2025-10-19 04:11:37.545110,1
COF,NYSE,XNYS,Capital One Financial Corporation Common Stock,USD,Common Stock,639517306,2025-10-19 04:11:37.553331,1
COHR,NYSE,XNYS,Coherent Corp. Common Stock,USD,Common Stock,156935310,2025-10-19 04:11:38.004322,1
COLD,NYSE,XNYS,"Americold Realty Trust, Inc. Common Stock",USD,Common Stock,284797783,2025-10-19 04:11:37.979074,1
COMP,NYSE,XNYS,"Compass, Inc. Class A Common Stock",USD,Common Stock,547418937,2025-10-19 04:11:37.982265,1
CON,NYSE,XNYS,"Concentra Group Holdings Parent, Inc. Common Stock",USD,Common Stock,128170952,2025-10-19 04:11:37.985696,1
COOK,NYSE,XNYS,"Traeger, Inc. Common Stock",USD,Common Stock,135886236,2025-10-19 04:11:37.974680,1
COP,NYSE,XNYS,ConocoPhillips Common Stock,USD,Common Stock,1248942311,2025-10-19 04:11:38.742568,1
COPL,NYSE,XNYS,Copley Acquisition Corp Ordinary Shares,USD,Common Stock,17978393,2025-10-19 04:11:38.734173,1
COR,NYSE,XNYS,"Cencora, Inc. Common Stock",USD,Common Stock,193877881,2025-10-19 04:11:38.962311,1
COSO,NYSE,XNYS,"CoastalSouth Bancshares, Inc. Common Stock",USD,Common Stock,10447142,2025-10-19 04:11:38.304790,1
COTY,NYSE,XNYS,Coty Inc. Class A Common Stock,USD,Common Stock,873857477,2025-10-19 04:11:38.325872,1
COUR,NYSE,XNYS,"Coursera, Inc. Common Stock",USD,Common Stock,163700000,2025-10-19 04:11:38.736649,1
CP,NYSE,XNYS,Canadian Pacific Kansas City Limited Common Shares,USD,Common Stock,917976339,2025-10-19 04:11:38.325591,1
CPA,NYSE,XNYS,"Copa Holdings, S.A. Class A Common Stock",USD,Common Stock,30196170,2025-10-19 04:11:38.321224,1
CPAC,NYSE,XNYS,Cementos Pacasmayo S.A.A. American Depositary Shares (Each representing five Common Shares),USD,Common Stock,84773690,2025-10-19 04:11:38.336179,1
CPAY,NYSE,XNYS,"Corpay, Inc. Common Stock",USD,Common Stock,70614383,2025-10-19 04:11:38.740696,1
CPF,NYSE,XNYS,Central Pacific Financial Corp New,USD,Common Stock,26981436,2025-10-19 04:11:39.071437,1
CPK,NYSE,XNYS,Chesapeake Utilities Corporation Common Stock,USD,Common Stock,23544479,2025-10-19 04:11:38.965543,1
CPNG,NYSE,XNYS,"Coupang, Inc. Class A Common Stock",USD,Common Stock,1665262233,2025-10-19 04:11:38.975767,1
CPRI,NYSE,XNYS,Capri Holdings Limited Ordinary Shares,USD,Common Stock,119048057,2025-10-19 04:11:38.978926,1
CPS,NYSE,XNYS,Cooper-Standard Holdings Inc. Common Stock,USD,Common Stock,17633413,2025-10-19 04:11:39.006569,1
CPT,NYSE,XNYS,Camden Property Trust Common Stock,USD,Common Stock,106852727,2025-10-19 04:11:38.977756,1
CQP,NYSE,XNYS,"Cheniere Energy Partners, LP Common Units",USD,Common Stock,484048123,2025-10-19 04:11:38.968715,1
CR,NYSE,XNYS,Crane Company Common Stock,USD,Common Stock,57546840,2025-10-19 04:11:39.081899,1
CRBG,NYSE,XNYS,Corebridge Financial Inc. Common Stock,USD,Common Stock,538480330,2025-10-19 04:11:39.386655,1
CRC,NYSE,XNYS,California Resources Corporation Common Stock,USD,Common Stock,83690217,2025-10-19 04:11:39.087848,1
CRCL,NYSE,XNYS,"Circle Internet Group, Inc. Class A Common Stock",USD,Common Stock,211836558,2025-10-19 04:11:39.101707,1
CRGY,NYSE,XNYS,Crescent Energy Company Class A Common Stock,USD,Common Stock,254615178,2025-10-19 04:11:39.311944,1
CRH,NYSE,XNYS,CRH PLC Ordinary Shares,USD,Common Stock,670389532,2025-10-19 04:11:39.322012,1
CRI,NYSE,XNYS,"Carter's, Inc. Common Stock",USD,Common Stock,36432176,2025-10-19 04:11:39.310570,1
CRK,NYSE,XNYS,"Comstock Resources, Inc. Common Stock",USD,Common Stock,293066820,2025-10-19 04:11:39.312609,1
CRL,NYSE,XNYS,"Charles River Laboratories International, Inc. Common Stock",USD,Common Stock,49214178,2025-10-19 04:11:39.320978,1
CRM,NYSE,XNYS,"Salesforce, Inc. Common Stock",USD,Common Stock,952000000,2025-10-19 04:11:39.322967,1
CRS,NYSE,XNYS,Carpenter Technology Corporation Common Stock,USD,Common Stock,49850095,2025-10-19 04:11:39.847293,1
CRT,NYSE,XNYS,Cross Timbers Royalty Trust Common Stock,USD,Common Stock,6000000,2025-10-19 04:11:39.432441,1
CSAN,NYSE,XNYS,Cosan S.A. ADS,USD,Common Stock,464805469,2025-10-19 04:11:39.427255,1
CSL,NYSE,XNYS,Carlisle Companies Incorporated Common Stock,USD,Common Stock,42750735,2025-10-19 04:11:39.434991,1
CSR,NYSE,XNYS,D/B/A Centerspace Common Stock,USD,Common Stock,16756689,2025-10-19 04:11:39.434528,1
CSTM,NYSE,XNYS,Constellium SE Ordinary Shares (France),USD,Common Stock,139539023,2025-10-19 04:11:39.481680,1
CSV,NYSE,XNYS,"Carriage Services, Inc. Common Stock",USD,Common Stock,15698487,2025-10-19 04:11:39.848398,1
CSW,NYSE,XNYS,"CSW Industrials, Inc. Common Stock",USD,Common Stock,16802468,2025-10-19 04:11:40.236125,1
CTEV,NYSE,XNYS,Claritev Corporation Class A Common Stock,USD,Common Stock,16474835,2025-10-19 04:11:40.663809,1
CTO,NYSE,XNYS,"CTO Realty Growth, Inc. Common Stock",USD,Common Stock,32939610,2025-10-19 04:11:40.651875,1
CTOS,NYSE,XNYS,"Custom Truck One Source, Inc. Common Stock",USD,Common Stock,226559586,2025-10-19 04:11:40.776616,1
CTRA,NYSE,XNYS,Coterra Energy Inc. Common Stock,USD,Common Stock,763139972,2025-10-19 04:11:40.871458,1
CTRE,NYSE,XNYS,"CareTrust REIT, Inc. Common Stock",USD,Common Stock,222746343,2025-10-19 04:11:40.779606,1
CTRI,NYSE,XNYS,"Centuri Holdings, Inc. Common Stock",USD,Common Stock,88649154,2025-10-19 04:11:41.187150,1
CTS,NYSE,XNYS,CTS Corporation Common Stock,USD,Common Stock,29476637,2025-10-19 04:11:41.167455,1
CTVA,NYSE,XNYS,"Corteva, Inc. Common Stock ",USD,Common Stock,679100000,2025-10-19 04:11:41.178693,1
CUBE,NYSE,XNYS,CubeSmart Common Shares,USD,Common Stock,228035275,2025-10-19 04:11:41.186623,1
CUBI,NYSE,XNYS,"Customers Bancorp, Inc Common Stock",USD,Common Stock,34151437,2025-10-19 04:11:41.295911,1
CUK,NYSE,XNYS,Carnival Plc ADS ADS,USD,Common Stock,145607591,2025-10-19 04:11:41.193111,1
CULP,NYSE,XNYS,"Culp, Inc. Common Stock",USD,Common Stock,12605306,2025-10-19 04:11:41.303378,1
CURB,NYSE,XNYS,Curbline Properties Corp. Common Stock,USD,Common Stock,105220092,2025-10-19 04:11:41.302400,1
CURV,NYSE,XNYS,Torrid Holdings Inc. Common Stock,USD,Common Stock,99165951,2025-10-19 04:11:42.046850,1
CUZ,NYSE,XNYS,Cousins Properties Incorporated Common Stock,USD,Common Stock,167967656,2025-10-19 04:11:41.608326,1
CVE,NYSE,XNYS,Cenovus Energy Inc Common Stock,USD,Common Stock,1778251000,2025-10-19 04:11:41.724955,1
CVEO,NYSE,XNYS,Civeo Corporation (Canada) Common Shares,USD,Common Stock,12551769,2025-10-19 04:11:41.722041,1
CVI,NYSE,XNYS,CVR Energy Inc. Common Stock,USD,Common Stock,100530599,2025-10-19 04:11:41.720259,1
CVLG,NYSE,XNYS,"Covenant Logistics Group, Inc. Class A Common Stock",USD,Common Stock,20319619,2025-10-19 04:11:41.723762,1
CVNA,NYSE,XNYS,Carvana Co. Class A Common Stock,USD,Common Stock,116947000,2025-10-19 04:11:42.054240,1
CVS,NYSE,XNYS,CVS Health Corporation Common Stock,USD,Common Stock,1268326375,2025-10-19 04:11:42.049751,1
CVX,NYSE,XNYS,Chevron Corporation Common Stock,USD,Common Stock,2014822376,2025-10-19 04:11:42.052231,1
CW,NYSE,XNYS,Curtiss-Wright Corporation Common Stock,USD,Common Stock,37678109,2025-10-19 04:11:42.157604,1
CWAN,NYSE,XNYS,"Clearwater Analytics Holdings, Inc. Class A Common Stock",USD,Common Stock,287938740,2025-10-19 04:11:42.169951,1
CWEN,NYSE,XNYS,"Clearway Energy, Inc. Class C Common Stock",USD,Common Stock,83263747,2025-10-19 04:11:42.167894,1
CWH,NYSE,XNYS,"Camping World Holdings, Inc. Class A Common Stock",USD,Common Stock,62648648,2025-10-19 04:11:42.167208,1
CWK,NYSE,XNYS,Cushman & Wakefield plc Ordinary Shares,USD,Common Stock,231531216,2025-10-19 04:11:42.163352,1
CWT,NYSE,XNYS,California Water Service Group Common Stock,USD,Common Stock,59581155,2025-10-19 04:11:42.555448,1
CX,NYSE,XNYS,"Cemex, S.A.B. de C.V. Sponsored ADR",USD,Common Stock,1450832824,2025-10-19 04:11:42.285921,1
CXE,NYSE,XNYS,MFS High Income Municipal Trust Common Stock,USD,Common Stock,31525773,2025-10-19 04:11:42.276065,1
CXH,NYSE,XNYS,MFS Investment Grade Municipal Trust Common Stock,USD,Common Stock,8199220,2025-10-19 04:11:42.291530,1
CXM,NYSE,XNYS,"Sprinklr, Inc. Class A Common Stock",USD,Common Stock,142422232,2025-10-19 04:11:42.473559,1
CXT,NYSE,XNYS,"Crane NXT, Co. Common Stock",USD,Common Stock,57418206,2025-10-19 04:11:42.507012,1
CXW,NYSE,XNYS,"CoreCivic, Inc. Common Stock",USD,Common Stock,107059948,2025-10-19 04:11:42.395147,1
CYD,NYSE,XNYS,China Yuchai International Limited Common Stock,USD,Common Stock,37518322,2025-10-19 04:11:42.392364,1
CYH,NYSE,XNYS,"Community Health Systems, Inc. Common Stock",USD,Common Stock,140119116,2025-10-19 04:11:42.499438,1
D,NYSE,XNYS,"Dominion Energy, Inc. Common Stock",USD,Common Stock,853433625,2025-10-19 04:11:42.558137,1
DAC,NYSE,XNYS,Danaos Corporation Common Stock,USD,Common Stock,18309654,2025-10-19 04:11:42.504447,1
DAL,NYSE,XNYS,"Delta Air Lines, Inc. Common Stock",USD,Common Stock,652962768,2025-10-19 04:11:43.036382,1
DAN,NYSE,XNYS,Dana Incorporated Common Stock ,USD,Common Stock,131153633,2025-10-19 04:11:43.042299,1
DAO,NYSE,XNYS,"Youdao, Inc. American Depositary Shares, each representing one Class A Ordinary Share",USD,Common Stock,31280889,2025-10-19 04:11:43.038725,1
DAR,NYSE,XNYS,Darling Ingredients Inc. Common Stock,USD,Common Stock,158185905,2025-10-19 04:11:42.622161,1
DAVA,NYSE,XNYS,Endava plc American Depositary Shares (each representing one Class A Ordinary Share),USD,Common Stock,40782810,2025-10-19 04:11:42.615951,1
DAY,NYSE,XNYS,"Dayforce, Inc. Common Stock",USD,Common Stock,158006476,2025-10-19 04:11:42.632274,1
DB,NYSE,XNYS,Deutsche Bank AG Common Stock,USD,Common Stock,1926152885,2025-10-19 04:11:42.626366,1
DBD,NYSE,XNYS,Diebold Nixdorf Incorporated Common stock,USD,Common Stock,36633544,2025-10-19 04:11:43.045381,1
DBI,NYSE,XNYS,Designer Brands Inc. Class A Common Stock,USD,Common Stock,41810747,2025-10-19 04:11:43.032424,1
DBL,NYSE,XNYS,DoubleLine Opportunistic Credit Fund Common Shares of Beneficial Interest,USD,Common Stock,18877244,2025-10-19 04:11:43.029370,1
DBRG,NYSE,XNYS,"DigitalBridge Group, Inc.",USD,Common Stock,182123622,2025-10-19 04:11:43.142633,1
DCI,NYSE,XNYS,"Donaldson Company, Inc. Common Stock",USD,Common Stock,115831472,2025-10-19 04:11:43.155216,1
DCO,NYSE,XNYS,Ducommun Incorporated Common Stock,USD,Common Stock,14923743,2025-10-19 04:11:43.264776,1
DD,NYSE,XNYS,"DuPont de Nemours, Inc. Common Stock",USD,Common Stock,418716685,2025-10-19 04:11:43.257285,1
DDD,NYSE,XNYS,3D Systems Corporation Common Stock,USD,Common Stock,128252556,2025-10-19 04:11:43.268287,1
DDL,NYSE,XNYS,Dingdong (Cayman) Limited American Depositary Shares (each two representing three Ordinary Shares),USD,Common Stock,180407221,2025-10-19 04:11:43.269060,1
DDS,NYSE,XNYS,"Dillard's, Inc. Common Stock",USD,Common Stock,11626733,2025-10-19 04:11:43.369450,1
DE,NYSE,XNYS,Deere & Company Common Stock,USD,Common Stock,270329392,2025-10-19 04:11:43.429065,1
DEA,NYSE,XNYS,"Easterly Government Properties, Inc. Common Stock",USD,Common Stock,45354115,2025-10-19 04:11:43.461117,1
DEC,NYSE,XNYS,Diversified Energy Company plc Ordinary Shares,USD,Common Stock,76211914,2025-10-19 04:11:43.478127,1
DECK,NYSE,XNYS,Deckers Outdoor Corporation Common Stock,USD,Common Stock,148343362,2025-10-19 04:11:43.375557,1
DEI,NYSE,XNYS,"Douglas Emmett, Inc. Common Stock",USD,Common Stock,167446350,2025-10-19 04:11:43.478783,1
DELL,NYSE,XNYS,Dell Technologies Inc. Class C Common Stock ,USD,Common Stock,338646945,2025-10-19 04:11:43.487722,1
DEO,NYSE,XNYS,Diageo plc Common Stock,USD,Common Stock,555846901,2025-10-19 04:11:43.600192,1
DFH,NYSE,XNYS,"Dream Finders Homes, Inc. Class A Common Stock",USD,Common Stock,35155531,2025-10-19 04:11:43.602841,1
DFIN,NYSE,XNYS,"Donnelley Financial Solutions, Inc. Common Stock ",USD,Common Stock,27494777,2025-10-19 04:11:43.596602,1
DFP,NYSE,XNYS,Flaherty & Crumrine Dynamic Preferred and Income Fund Inc. Common Stock,USD,Common Stock,20538137,2025-10-19 04:11:43.601390,1
DG,NYSE,XNYS,Dollar General Corporation Common Stock,USD,Common Stock,220106028,2025-10-19 04:11:43.871720,1
DGX,NYSE,XNYS,Quest Diagnostics Incorporated Common Stock,USD,Common Stock,111823441,2025-10-19 04:11:43.606587,1
DHF,NYSE,XNYS,BNY Mellon High Yield Strategies Fund Common Stock,USD,Common Stock,72826245,2025-10-19 04:11:43.636599,1
DHI,NYSE,XNYS,"D.R. Horton, Inc. Common Stock",USD,Common Stock,298123529,2025-10-19 04:11:43.705034,1
DHR,NYSE,XNYS,Danaher Corporation Common Stock,USD,Common Stock,716051590,2025-10-19 04:11:43.712644,1
DHT,NYSE,XNYS,"DHT Holdings, Inc.",USD,Common Stock,160799407,2025-10-19 04:11:43.721787,1
DHX,NYSE,XNYS,"DHI Group, Inc. Common Stock",USD,Common Stock,48010352,2025-10-19 04:11:43.777345,1
DIAX,NYSE,XNYS,Nuveen Dow 30SM Dynamic Overwrite Fund Common Shares of Beneficial Interest,USD,Common Stock,36366913,2025-10-19 04:11:43.830829,1
DIN,NYSE,XNYS,"Dine Brands Global, Inc. Common Stock",USD,Common Stock,15379323,2025-10-19 04:11:43.832480,1
DINO,NYSE,XNYS,HF Sinclair Corporation Common Stock,USD,Common Stock,187080559,2025-10-19 04:11:43.818177,1
DIS,NYSE,XNYS,Walt Disney Company (The) Common Stock,USD,Common Stock,1797933833,2025-10-19 04:11:43.938074,1
DK,NYSE,XNYS,"Delek US Holdings, Inc. Common Stock",USD,Common Stock,60152407,2025-10-19 04:11:44.242815,1
DKL,NYSE,XNYS,"Delek Logistics Partners, L.P. Common Units representing Limited Partner Interests",USD,Common Stock,53463829,2025-10-19 04:11:44.234164,1
DKS,NYSE,XNYS,Dick's Sporting Goods Inc Common Stock,USD,Common Stock,66105690,2025-10-19 04:11:44.245542,1
DLB,NYSE,XNYS,Dolby Laboratories Common Stock,USD,Common Stock,61184140,2025-10-19 04:11:44.247384,1
DLNG,NYSE,XNYS,Dynagas LNG Partners LP Common Units,USD,Common Stock,36530944,2025-10-19 04:11:44.249503,1
DLR,NYSE,XNYS,"Digital Realty Trust, Inc. Common Stock",USD,Common Stock,341050435,2025-10-19 04:11:44.665770,1
DLX,NYSE,XNYS,Deluxe Corporation Common Stock,USD,Common Stock,44885245,2025-10-19 04:11:44.369305,1
DLY,NYSE,XNYS,DoubleLine Yield Opportunities Fund Common Shares of Beneficial Interest,USD,Common Stock,48490382,2025-10-19 04:11:44.351772,1
DMA,NYSE,XNYS,Destra Multi-Alternative Fund Common Stock,USD,Common Stock,8963239,2025-10-19 04:11:44.469304,1
DMB,NYSE,XNYS,"BNY Mellon Municipal Bond Infrastructure Fund, Inc. Common Stock",USD,Common Stock,18405973,2025-10-19 04:11:44.466612,1
DMO,NYSE,XNYS,Western Asset Mortgage Opportunity Fund Inc. Common Stock,USD,Common Stock,11388960,2025-10-19 04:11:44.571062,1
DNA,NYSE,XNYS,"Ginkgo Bioworks Holdings, Inc. Class A Common Stock",USD,Common Stock,47089598,2025-10-19 04:11:44.575361,1
DNOW,NYSE,XNYS,DNOW Inc. Common Stock,USD,Common Stock,105011966,2025-10-19 04:11:44.582871,1
DNP,NYSE,XNYS,"DNP Select Income Fund, Inc. Common Stock",USD,Common Stock,372706845,2025-10-19 04:11:44.674852,1
DOC,NYSE,XNYS,"Healthpeak Properties, Inc. Common Stock",USD,Common Stock,694923453,2025-10-19 04:11:44.577341,1
DOCN,NYSE,XNYS,"DigitalOcean Holdings, Inc. Common Stock",USD,Common Stock,91037498,2025-10-19 04:11:44.673965,1
DOCS,NYSE,XNYS,"Doximity, Inc. Class A Common Stock",USD,Common Stock,136400248,2025-10-19 04:11:44.688206,1
DOLE,NYSE,XNYS,Dole plc Ordinary Shares,USD,Common Stock,95162657,2025-10-19 04:11:44.729660,1
DOUG,NYSE,XNYS,Douglas Elliman Inc. Common Stock,USD,Common Stock,88708101,2025-10-19 04:11:44.793086,1
DOV,NYSE,XNYS,Dover Corporation Common Stock,USD,Common Stock,137134453,2025-10-19 04:11:45.217831,1
DOW,NYSE,XNYS,Dow Inc. Common Stock ,USD,Common Stock,708844151,2025-10-19 04:11:44.789031,1
DPG,NYSE,XNYS,Duff & Phelps Utility and Infrastructure Fund Inc.,USD,Common Stock,36720443,2025-10-19 04:11:44.794925,1
DQ,NYSE,XNYS,"DAQO New Energy Corp. American Depositary Shares, each representing five ordinary shares",USD,Common Stock,67056715,2025-10-19 04:11:45.090137,1
DRD,NYSE,XNYS,DRDGOLD Limited American Depositary Shares,USD,Common Stock,86416236,2025-10-19 04:11:45.095659,1
DRH,NYSE,XNYS,Diamondrock Hospitality Company Common Stock,USD,Common Stock,204954590,2025-10-19 04:11:45.515338,1
DRI,NYSE,XNYS,"Darden Restaurants, Inc. Common Stock",USD,Common Stock,116313762,2025-10-19 04:11:45.104170,1
DSL,NYSE,XNYS,DoubleLine Income Solutions Fund Common Shares of Beneficial Interests,USD,Common Stock,114211346,2025-10-19 04:11:45.209665,1
DSM,NYSE,XNYS,"BNY Mellon Strategic Municipal Bond Fund, Inc. Common Stock",USD,Common Stock,50247708,2025-10-19 04:11:45.213905,1
DSU,NYSE,XNYS,"Blackrock Debt Strategies Fund, Inc. Common Stock",USD,Common Stock,55698311,2025-10-19 04:11:45.531507,1
DSX,NYSE,XNYS,Diana Shipping inc. common stock,USD,Common Stock,115775463,2025-10-19 04:11:45.639615,1
DT,NYSE,XNYS,"Dynatrace, Inc. Common Stock",USD,Common Stock,301506242,2025-10-19 04:11:45.635539,1
DTE,NYSE,XNYS,DTE Energy Company Common Stock,USD,Common Stock,207587803,2025-10-19 04:11:45.639092,1
DTF,NYSE,XNYS,DTF Tax-Free Income 2028 Term Fund Inc. Common Stock,USD,Common Stock,7029567,2025-10-19 04:11:46.038722,1
DTM,NYSE,XNYS,"DT Midstream, Inc. Common Stock ",USD,Common Stock,101592505,2025-10-19 04:11:46.050764,1
DTW,NYSE,XNYS,DTE Energy Company 2017 Series E 5.25% Junior Subordinated Debentures due 2077,USD,Common Stock,179394000,2025-10-19 04:11:46.451477,1
DUK,NYSE,XNYS,Duke Energy Corporation (Holding Company) Common Stock,USD,Common Stock,777624467,2025-10-19 04:11:46.151077,1
DV,NYSE,XNYS,"DoubleVerify Holdings, Inc. Common Stock",USD,Common Stock,163628379,2025-10-19 04:11:46.162744,1
DVA,NYSE,XNYS,DaVita Inc. Common Stock,USD,Common Stock,71500000,2025-10-19 04:11:46.170725,1
DVN,NYSE,XNYS,Devon Energy Corporation Common Stock,USD,Common Stock,634800000,2025-10-19 04:11:46.581920,1
DX,NYSE,XNYS,"Dynex Capital, Inc. Common Stock",USD,Common Stock,129912157,2025-10-19 04:11:46.566513,1
DXC,NYSE,XNYS,DXC Technology Company Common Stock ,USD,Common Stock,178998669,2025-10-19 04:11:46.570267,1
DXYZ,NYSE,XNYS,Destiny Tech100 Inc. Common Stock,USD,Common Stock,10879905,2025-10-19 04:11:46.583624,1
DY,NYSE,XNYS,"Dycom Industries, Inc. Common Stock",USD,Common Stock,28954101,2025-10-19 04:11:46.577774,1
E,NYSE,XNYS,ENI S.p.A. Common Stock,USD,Common Stock,1495067651,2025-10-19 04:11:46.579597,1
EAF,NYSE,XNYS,GrafTech International Ltd. Common Stock,USD,Common Stock,25815144,2025-10-19 04:11:46.587373,1
EAI,NYSE,XNYS,"Entergy Arkansas, LLC First Mortgage Bonds, 4.875% Series Due September 1, 2066",USD,Common Stock,46980200,2025-10-19 04:11:46.692664,1
EARN,NYSE,XNYS,Ellington Credit Company Common Shares of Beneficial Interest,USD,Common Stock,37559195,2025-10-19 04:11:46.689658,1
EAT,NYSE,XNYS,"Brinker International, Inc. Common Stock",USD,Common Stock,44431215,2025-10-19 04:11:46.680113,1
EB,NYSE,XNYS,"Eventbrite, Inc. Class A Common Stock",USD,Common Stock,80853054,2025-10-19 04:11:46.687286,1
EBF,NYSE,XNYS,"Ennis, Inc. Common Stock",USD,Common Stock,25629751,2025-10-19 04:11:46.693469,1
EBR,NYSE,XNYS,Centrais Electricas Brasileiras S A American Depositary Shares (Each representing one Common Share),USD,Common Stock,1975761584,2025-10-19 04:11:47.006124,1
EBS,NYSE,XNYS,Emergent BioSolutions Inc. Common Stock,USD,Common Stock,53351099,2025-10-19 04:11:47.173573,1
EC,NYSE,XNYS,Ecopetrol S.A. American Depositary Shares,USD,Common Stock,2055834735,2025-10-19 04:11:47.235956,1
ECAT,NYSE,XNYS,BlackRock ESG Capital Allocation Term Trust Common Shares of Beneficial Interest,USD,Common Stock,99345793,2025-10-19 04:11:47.115913,1
ECC,NYSE,XNYS,Eagle Point Credit Company Inc. Common Stock,USD,Common Stock,126331691,2025-10-19 04:11:47.125779,1
ECCX,NYSE,XNYS,Eagle Point Credit Company Inc. 6.6875% Notes due 2028,USD,Common Stock,18090700,2025-10-19 04:11:47.248489,1
ECG,NYSE,XNYS,"Everus Construction Group, Inc. Common Stock",USD,Common Stock,51006575,2025-10-19 04:11:47.242890,1
ECL,NYSE,XNYS,Ecolab Inc. Common Stock,USD,Common Stock,283624912,2025-10-19 04:11:47.279020,1
ECO,NYSE,XNYS,Okeanis Eco Tankers Corp. Common Stock,USD,Common Stock,32194108,2025-10-19 04:11:47.356872,1
ECVT,NYSE,XNYS,Ecovyst Inc. Common Stock,USD,Common Stock,114417966,2025-10-19 04:11:48.077610,1
ED,NYSE,XNYS,"Consolidated Edison, Inc. Common Stock",USD,Common Stock,360651665,2025-10-19 04:11:48.191920,1
EDD,NYSE,XNYS,"Morgan Stanley Emerging Markets Domestic Debt Fund, Inc. Common Stock",USD,Common Stock,64456047,2025-10-19 04:11:48.079059,1
EDF,NYSE,XNYS,Virtus Stone Harbor Emerging Markets Income Fund Common Shares of Beneficial Interest,USD,Common Stock,30979665,2025-10-19 04:11:47.478105,1
EDN,NYSE,XNYS,Empresa Distribuidora Y Comercializadora Norte S.A. (Edenor) American Depositary Shares,USD,Common Stock,20589678,2025-10-19 04:11:48.083028,1
EDU,NYSE,XNYS,"New Oriental Education & Technology Group, Inc. Sponsored ADR representing 10 Ordinary Share (Cayman Islands)",USD,Common Stock,159145747,2025-10-19 04:11:48.080011,1
EE,NYSE,XNYS,"Excelerate Energy, Inc. Class A Common Stock",USD,Common Stock,32001057,2025-10-19 04:11:48.078076,1
EEA,NYSE,XNYS,"The European Equity Fund, Inc. Common Stock",USD,Common Stock,6725724,2025-10-19 04:11:48.075656,1
EEX,NYSE,XNYS,"Emerald Holding, Inc. Common Stock",USD,Common Stock,197972894,2025-10-19 04:11:48.193321,1
EFC,NYSE,XNYS,Ellington Financial Inc. Common Stock ,USD,Common Stock,99893894,2025-10-19 04:11:48.082112,1
EFR,NYSE,XNYS,Eaton Vance Senior Floating-Rate Fund Common Shares of Beneficial Interest,USD,Common Stock,29523618,2025-10-19 04:11:48.193763,1
EFT,NYSE,XNYS,Eaton Vance Floating Rate Income Trust Common Shares of Beneficial Interest,USD,Common Stock,26578058,2025-10-19 04:11:48.435514,1
EFX,NYSE,XNYS,"Equifax, Inc. Common Stock",USD,Common Stock,123197380,2025-10-19 04:11:48.437068,1
EFXT,NYSE,XNYS,Enerflex Ltd Common Shares,USD,Common Stock,122247228,2025-10-19 04:11:48.443109,1
EG,NYSE,XNYS,"Everest Group, Ltd. Common Stock",USD,Common Stock,41943291,2025-10-19 04:11:48.439401,1
EGO,NYSE,XNYS,Eldorado Gold Corporation Ordinary Shares,USD,Common Stock,203199350,2025-10-19 04:11:48.451206,1
EGP,NYSE,XNYS,"EastGroup Properties, Inc. Common Stock",USD,Common Stock,53334394,2025-10-19 04:11:48.436164,1
EGY,NYSE,XNYS,"VAALCO Energy, Inc.  Common Stock",USD,Common Stock,104258253,2025-10-19 04:11:48.427972,1
EHAB,NYSE,XNYS,"Enhabit, Inc. Common Stock",USD,Common Stock,50690382,2025-10-19 04:11:48.438272,1
EHC,NYSE,XNYS,Encompass Health Corporation Common Stock,USD,Common Stock,100723828,2025-10-19 04:11:48.646706,1
EHI,NYSE,XNYS,Western Asset Global High Income Fund Inc Common Stock,USD,Common Stock,30299742,2025-10-19 04:11:48.657271,1
EIC,NYSE,XNYS,Eagle Point Income Company Inc. Common Stock,USD,Common Stock,26514399,2025-10-19 04:11:48.550497,1
EIG,NYSE,XNYS,Employers Holdings Inc Common Stock,USD,Common Stock,23511590,2025-10-19 04:11:48.659535,1
EIX,NYSE,XNYS,Edison International Common Stock,USD,Common Stock,384834007,2025-10-19 04:11:48.784195,1
EL,NYSE,XNYS,"Estee Lauder Companies, Inc. (The) Common Stock",USD,Common Stock,234815064,2025-10-19 04:11:49.018134,1
ELAN,NYSE,XNYS,Elanco Animal Health Incorporated Common Stock,USD,Common Stock,496813702,2025-10-19 04:11:48.770670,1
ELF,NYSE,XNYS,"e.l.f. Beauty, Inc. Common Stock",USD,Common Stock,56734903,2025-10-19 04:11:48.781106,1
ELME,NYSE,XNYS,Elme Communities Common Stock,USD,Common Stock,88161161,2025-10-19 04:11:48.798086,1
ELP,NYSE,XNYS,Companhia Paranaense de Energia (COPEL) American Depositary Shares (each representing one Unit consisting one Common Share and four non-voting Class B Preferred Shares),USD,Common Stock,418777598,2025-10-19 04:11:48.802462,1
ELPC,NYSE,XNYS,Companhia Paranaense de Energia (COPEL) American Depositary Shares (each representing four (4) Common Shares),USD,Common Stock,323630515,2025-10-19 04:11:48.905095,1
ELS,NYSE,XNYS,"Equity Lifestyle Properties, Inc. Common Stock",USD,Common Stock,193789749,2025-10-19 04:11:48.998837,1
ELV,NYSE,XNYS,"Elevance Health, Inc. Common Stock",USD,Common Stock,225178304,2025-10-19 04:11:49.218585,1
EMA,NYSE,XNYS,Emera Incorporated Common Shares,USD,Common Stock,299300000,2025-10-19 04:11:49.011750,1
EMD,NYSE,XNYS,Western Asset Emerging Markets Debt Fund Inc Common Stock,USD,Common Stock,58130443,2025-10-19 04:11:49.007571,1
EME,NYSE,XNYS,"EMCOR Group, Inc. Common Stock",USD,Common Stock,44764250,2025-10-19 04:11:49.006826,1
EMF,NYSE,XNYS,Templeton Emerging Markets Fund Common Stock,USD,Common Stock,15030734,2025-10-19 04:11:49.009710,1
EMN,NYSE,XNYS,Eastman Chemical Company Common Stock,USD,Common Stock,114832412,2025-10-19 04:11:49.116066,1
EMO,NYSE,XNYS,ClearBridge Energy Midstream Opportunity Fund Inc. Common Stock,USD,Common Stock,18410324,2025-10-19 04:11:49.128500,1
EMP,NYSE,XNYS,"Entergy Mississippi, LLC First Mortgage Bonds, 4.90% Series Due October 1, 2066",USD,Common Stock,8666360,2025-10-19 04:11:49.123325,1
EMR,NYSE,XNYS,Emerson Electric Company Common Stock,USD,Common Stock,562800000,2025-10-19 04:11:49.119685,1
ENB,NYSE,XNYS,Enbridge Inc Common Stock,USD,Common Stock,2180514839,2025-10-19 04:11:49.127634,1
ENIC,NYSE,XNYS,Enel Chile S.A. American Depositary Shares (Each representing 50 shares of Common Stock),USD,Common Stock,1383331144,2025-10-19 04:11:49.236056,1
ENJ,NYSE,XNYS,"Entergy New Orleans, LLC First Mortgage Bonds, 5.0% Series due December 1, 2052",USD,Common Stock,8435900,2025-10-19 04:11:49.181831,1
ENO,NYSE,XNYS,"Entergy New Orleans, LLC First Mortgage Bonds, 5.50% Series due April 1, 2066",USD,Common Stock,8435900,2025-10-19 04:11:49.239424,1
ENOV,NYSE,XNYS,Enovis Corporation Common Stock,USD,Common Stock,57159803,2025-10-19 04:11:49.352003,1
ENR,NYSE,XNYS,"Energizer Holdings, Inc. Common Stock",USD,Common Stock,68268535,2025-10-19 04:11:50.168221,1
ENS,NYSE,XNYS,EnerSys Common Stock,USD,Common Stock,37466929,2025-10-19 04:11:50.059164,1
ENVA,NYSE,XNYS,"Enova International, Inc. Common Stock",USD,Common Stock,25012613,2025-10-19 04:11:50.063738,1
EOD,NYSE,XNYS,Allspring Global Dividend Opportunity Fund Common Shares of Beneficial Interest,USD,Common Stock,43065914,2025-10-19 04:11:49.647143,1
EOG,NYSE,XNYS,"EOG Resources, Inc. Common Stock",USD,Common Stock,545993416,2025-10-19 04:11:49.645692,1
EOI,NYSE,XNYS,Eaton Vance Enhance Equity Income Fund Eaton Vance Enhanced Equity Income Fund Shares of Beneficial Interest,USD,Common Stock,40848690,2025-10-19 04:11:49.651221,1
EOS,NYSE,XNYS,Eaton Vance Enhance Equity Income Fund II Common Stock,USD,Common Stock,53123776,2025-10-19 04:11:49.753840,1
EOT,NYSE,XNYS,Eaton Vance Municipal Income Trust EATON VANCE NATIONAL MUNICIPAL OPPORTUNITIES TRUST,USD,Common Stock,15624921,2025-10-19 04:11:49.752083,1
EPAC,NYSE,XNYS,Enerpac Tool Group Corp. Common Stock,USD,Common Stock,53937328,2025-10-19 04:11:49.752695,1
EPAM,NYSE,XNYS,"EPAM Systems, Inc. Common Stock",USD,Common Stock,55696909,2025-10-19 04:11:50.063472,1
EPC,NYSE,XNYS,Edgewell Personal Care Company Common Stock,USD,Common Stock,46464244,2025-10-19 04:11:50.054724,1
EPD,NYSE,XNYS,Enterprise Products Partners L.P. Common Stock,USD,Common Stock,2165247439,2025-10-19 04:11:50.056186,1
EPR,NYSE,XNYS,EPR Properties Common Stock,USD,Common Stock,76116634,2025-10-19 04:11:50.064092,1
EPRT,NYSE,XNYS,"Essential Properties Realty Trust, Inc. Common Stock",USD,Common Stock,198139586,2025-10-19 04:11:50.517390,1
EQBK,NYSE,XNYS,"Equity Bancshares, Inc. Class A Common Stock",USD,Common Stock,19111084,2025-10-19 04:11:50.925427,1
EQH,NYSE,XNYS,"Equitable Holdings, Inc. Common Stock",USD,Common Stock,299536468,2025-10-19 04:11:50.919037,1
EQNR,NYSE,XNYS,Equinor ASA,USD,Common Stock,2514560266,2025-10-19 04:11:50.922257,1
EQR,NYSE,XNYS,Equity Residential Common Shares of Beneficial Interest,USD,Common Stock,381898057,2025-10-19 04:11:50.927112,1
EQS,NYSE,XNYS,"Equus Total Return, Inc. Common Stock",USD,Common Stock,13586173,2025-10-19 04:11:51.040918,1
EQT,NYSE,XNYS,EQT Corporation Common Stock,USD,Common Stock,624063124,2025-10-19 04:11:51.034171,1
EQV,NYSE,XNYS,EQV Ventures Acquisition Corp. Class A Ordinary Shares,USD,Common Stock,35822500,2025-10-19 04:11:51.038984,1
ERJ,NYSE,XNYS,Embraer S.A. Common Stock,USD,Common Stock,183391535,2025-10-19 04:11:51.977596,1
ERO,NYSE,XNYS,Ero Copper Corp. Common Shares,USD,Common Stock,103601437,2025-10-19 04:11:51.150787,1
ES,NYSE,XNYS,Eversource Energy (D/B/A) Common Stock,USD,Common Stock,371115181,2025-10-19 04:11:51.994137,1
ESAB,NYSE,XNYS,ESAB Corporation Common Stock,USD,Common Stock,60698710,2025-10-19 04:11:51.576603,1
ESE,NYSE,XNYS,ESCO Technologies Inc. Common Stock,USD,Common Stock,25824688,2025-10-19 04:11:51.567214,1
ESI,NYSE,XNYS,Element Solutions Inc. Common Stock,USD,Common Stock,241616672,2025-10-19 04:11:51.559410,1
ESNT,NYSE,XNYS,Essent Group Ltd. Common Shares,USD,Common Stock,98533757,2025-10-19 04:11:51.563439,1
ESRT,NYSE,XNYS,"Empire State Realty Trust, Inc. Class A Common Stock",USD,Common Stock,168641346,2025-10-19 04:11:51.670736,1
ESS,NYSE,XNYS,"Essex Property Trust, Inc. Common Stock",USD,Common Stock,64404022,2025-10-19 04:11:51.574324,1
ESTC,NYSE,XNYS,Elastic N.V. Ordinary Shares,USD,Common Stock,106272440,2025-10-19 04:11:51.675464,1
ET,NYSE,XNYS,Energy Transfer LP Common Units ,USD,Common Stock,3432681531,2025-10-19 04:11:51.685576,1
ETB,NYSE,XNYS,Eaton Vance Tax-Managed Buy-Write Income Fund Eaton Vance Tax-Managed Buy-Write Income Fund Common Shares of Beneficial Interest,USD,Common Stock,29374715,2025-10-19 04:11:51.678072,1
ETD,NYSE,XNYS,Ethan Allen Interiors Inc. Common Stock,USD,Common Stock,25446339,2025-10-19 04:11:51.979398,1
ETG,NYSE,XNYS,Eaton Vance Tax-Advantaged Global Dividend Income Fund Common Shares of Beneficial Interest,USD,Common Stock,76321908,2025-10-19 04:11:51.981413,1
ETJ,NYSE,XNYS,Eaton Vance Risk-Managed Diversified Equity Income Fund Common Shares of Beneficial Interest,USD,Common Stock,67301787,2025-10-19 04:11:52.126334,1
ETN,NYSE,XNYS,"Eaton Corporation, PLC Ordinary Shares",USD,Common Stock,389300000,2025-10-19 04:11:52.215801,1
ETO,NYSE,XNYS,Eaton Vance Tax-Advantage Global Dividend Opp Common Stock,USD,Common Stock,16388138,2025-10-19 04:11:52.123201,1
ETR,NYSE,XNYS,Entergy Corporation Common Stock,USD,Common Stock,446409069,2025-10-19 04:13:11.470297,1
ETSY,NYSE,XNYS,"Etsy, Inc. Common Stock",USD,Common Stock,99108568,2025-10-19 04:13:11.296968,1
ETV,NYSE,XNYS,Eaton Vance Corporation Eaton Vance Tax-Managed Buy-Write Opportunities Fund Common Shares of Beneficial Interest,USD,Common Stock,116754568,2025-10-19 04:13:11.565171,1
ETW,NYSE,XNYS,Eaton Vance Corporation Eaton Vance Tax-Managed Global Buy-Write Opportunites Fund Common Shares of Beneficial Interest,USD,Common Stock,108597786,2025-10-19 04:13:11.568936,1
ETX,NYSE,XNYS,Eaton Vance Municipal Income 2028 Term Trust Common Shares of Beneficial Interest,USD,Common Stock,10888426,2025-10-19 04:13:11.829535,1
ETY,NYSE,XNYS,"Eaton Vance Tax-Managed Diversified Equity Income Fund Common Shares of Beneficial Interest,",USD,Common Stock,157502243,2025-10-19 04:13:11.619872,1
EVAC,NYSE,XNYS,EQV Ventures Acquisition Corp. II Class A Ordinary Shares,USD,Common Stock,46947857,2025-10-19 04:13:11.564342,1
EVC,NYSE,XNYS,Entravision Communications Corporation Common Stock,USD,Common Stock,81623559,2025-10-19 04:13:11.557279,1
EVEX,NYSE,XNYS,"Eve Holding, Inc. Common Stock",USD,Common Stock,300881904,2025-10-19 04:13:11.620982,1
EVF,NYSE,XNYS,Eaton Vance Senior Income Trust Common Stock,USD,Common Stock,18170289,2025-10-19 04:13:11.342863,1
EVG,NYSE,XNYS,Eaton Vance Short Diversified Income Fund Eaton Vance Short Duration Diversified Income Fund Common Shares of Beneficial Interest,USD,Common Stock,13452867,2025-10-19 04:13:11.559053,1
EVH,NYSE,XNYS,"Evolent Health, Inc Class A Common Stock",USD,Common Stock,115971135,2025-10-19 04:13:11.567790,1
EVN,NYSE,XNYS,Eaton Vance Municipal Income Trust Common Stock,USD,Common Stock,39667163,2025-10-19 04:13:12.046410,1
EVR,NYSE,XNYS,Evercore Inc. Class A Common Stock,USD,Common Stock,38597943,2025-10-19 04:13:12.164366,1
EVT,NYSE,XNYS,Eaton Vance Tax Advantaged Dividend Income Fund Common Shares of Beneficial Interest,USD,Common Stock,76321908,2025-10-19 04:13:12.527302,1
EVTC,NYSE,XNYS,"Evertec, Inc. Common Stock",USD,Common Stock,63982005,2025-10-19 04:13:12.530859,1
EVTL,NYSE,XNYS,Vertical Aerospace Ltd. Ordinary Shares,USD,Common Stock,98527721,2025-10-19 04:13:12.533919,1
EW,NYSE,XNYS,Edwards Lifesciences Corporation Common Stock,USD,Common Stock,587100000,2025-10-19 04:13:12.906067,1
EXG,NYSE,XNYS,Eaton Vance Tax-Managed Global Diversified Equity Income Fund Common Shares of Beneficial Interest,USD,Common Stock,305936026,2025-10-19 04:13:12.521727,1
EXK,NYSE,XNYS,Endeavour Silver Corporation Ordinary Shares (Canada),USD,Common Stock,290171225,2025-10-19 04:13:12.532411,1
EXP,NYSE,XNYS,Eagle Materials Inc Common Stock,USD,Common Stock,32449297,2025-10-19 04:13:12.533210,1
EXPD,NYSE,XNYS,"Expeditors International of Washington, Inc. Common Stock",USD,Common Stock,135718520,2025-10-19 04:13:12.531873,1
EXR,NYSE,XNYS,Extra Space Storage Inc Common Stock,USD,Common Stock,212253611,2025-10-19 04:13:12.529384,1
F,NYSE,XNYS,Ford Motor Company Common Stock,USD,Common Stock,3909008221,2025-10-19 04:13:13.267445,1
FAF,NYSE,XNYS,First American Corporation (New) Common Stock,USD,Common Stock,101800000,2025-10-19 04:13:13.862444,1
FBIN,NYSE,XNYS,"Fortune Brands Innovations, Inc. Common Stock",USD,Common Stock,120038875,2025-10-19 04:13:14.154987,1
FBK,NYSE,XNYS,FB Financial Corporation Common Stock,USD,Common Stock,53456522,2025-10-19 04:13:14.132329,1
FBP,NYSE,XNYS,First BanCorp. New Common Stock,USD,Common Stock,160469644,2025-10-19 04:13:14.145966,1
FBRT,NYSE,XNYS,"Franklin BSP Realty Trust, Inc. Common Stock",USD,Common Stock,82274846,2025-10-19 04:13:13.867141,1
FC,NYSE,XNYS,Franklin Covey Company Common Stock,USD,Common Stock,12641822,2025-10-19 04:13:13.863894,1
FCF,NYSE,XNYS,First Commonwealth Financial Corporation Common Stock,USD,Common Stock,104538804,2025-10-19 04:13:14.368332,1
FCN,NYSE,XNYS,"FTI Consulting, Inc. Common Stock",USD,Common Stock,32358170,2025-10-19 04:13:14.134477,1
FCPT,NYSE,XNYS,"Four Corners Property Trust, Inc. Common Stock",USD,Common Stock,104464312,2025-10-19 04:13:14.141663,1
FCT,NYSE,XNYS,First Trust Senior Floating Rate Income Fund II Common Shares of Beneficial Interest,USD,Common Stock,25983388,2025-10-19 04:13:14.424616,1
FCX,NYSE,XNYS,"Freeport-McMoRan, Inc. Common Stock",USD,Common Stock,1435774134,2025-10-19 04:13:14.945680,1
FDP,NYSE,XNYS,"Fresh Del Monte Produce, Inc. Common Stock",USD,Common Stock,47974940,2025-10-19 04:13:14.700676,1
FDS,NYSE,XNYS,FactSet Research Systems Inc. Common Stock,USD,Common Stock,37806774,2025-10-19 04:13:14.699693,1
FDX,NYSE,XNYS,FedEx Corporation Common Stock,USD,Common Stock,235955461,2025-10-19 04:13:14.699024,1
FE,NYSE,XNYS,FirstEnergy Corp. Common Stock,USD,Common Stock,577403931,2025-10-19 04:13:14.964622,1
FEDU,NYSE,XNYS,"Four Seasons Education (Cayman) Inc. American Depositary Shares, each ADS representing 10 ordinary shares",USD,Common Stock,2260058,2025-10-19 04:13:14.969981,1
FENG,NYSE,XNYS,"Phoenix New Media Limited American Depositary Shares, each representing 48 Class A ordinary shares.",USD,Common Stock,5399831,2025-10-19 04:13:14.970455,1
FERG,NYSE,XNYS,Ferguson Enterprises Inc. Common Stock,USD,Common Stock,0,2025-10-19 04:13:14.973876,1
FET,NYSE,XNYS,"Forum Energy Technologies, Inc. Common Stock",USD,Common Stock,11903276,2025-10-19 04:13:15.231274,1
FF,NYSE,XNYS,FutureFuel Corp.  Common shares,USD,Common Stock,43803243,2025-10-19 04:13:15.304830,1
FFA,NYSE,XNYS,First Trust Enhanced Equity Income Fund,USD,Common Stock,19988085,2025-10-19 04:13:15.490463,1
FFC,NYSE,XNYS,Flaherty & Crumrine Preferred and Income Securities Fund Incorporated,USD,Common Stock,48177896,2025-10-19 04:13:15.242626,1
FFWM,NYSE,XNYS,First Foundation Inc. Common Stock,USD,Common Stock,82386071,2025-10-19 04:13:15.261304,1
FG,NYSE,XNYS,"F&G Annuities & Life, Inc. Common Stock",USD,Common Stock,134648802,2025-10-19 04:13:15.920471,1
FHI,NYSE,XNYS,"Federated Hermes, Inc. Common Stock",USD,Common Stock,77551065,2025-10-19 04:13:15.945315,1
FHN,NYSE,XNYS,First Horizon Corporation Common Stock,USD,Common Stock,500000000,2025-10-19 04:13:16.094527,1
FI,NYSE,XNYS,"Fiserv, Inc. Common Stock",USD,Common Stock,543593180,2025-10-19 04:13:16.184536,1
FICO,NYSE,XNYS,Fair Isaac Corporation Common Stock,USD,Common Stock,24003656,2025-10-19 04:13:16.191923,1
FIG,NYSE,XNYS,"Figma, Inc. Class A Common Stock",USD,Common Stock,410091963,2025-10-19 04:13:16.199609,1
FIGS,NYSE,XNYS,"FIGS, Inc. Class A Common Stock",USD,Common Stock,154989563,2025-10-19 04:13:16.463240,1
FIHL,NYSE,XNYS,Fidelis Insurance Holdings Limited Common Shares,USD,Common Stock,104861827,2025-10-19 04:13:16.499878,1
FINS,NYSE,XNYS,Angel Oak Financial Strategies Income Term Trust Common Shares of Beneficial Interest,USD,Common Stock,33416851,2025-10-19 04:13:16.483052,1
FINV,NYSE,XNYS,FinVolution Group American Depositary Shares,USD,Common Stock,140073861,2025-10-19 04:13:16.460891,1
FIS,NYSE,XNYS,"Fidelity National Information Services, Inc. Common Stock",USD,Common Stock,522378577,2025-10-19 04:13:17.051642,1
FIX,NYSE,XNYS,"Comfort Systems USA, Inc. Common Stock",USD,Common Stock,35281452,2025-10-19 04:13:17.034571,1
FLC,NYSE,XNYS,Flaherty & Crumrine Total Return Fund Inc Common Stock,USD,Common Stock,10456821,2025-10-19 04:13:17.276196,1
FLG,NYSE,XNYS,"Flagstar Financial, Inc. Common Stock",USD,Common Stock,415561180,2025-10-19 04:13:17.032990,1
FLNG,NYSE,XNYS,FLEX LNG Ltd. Ordinary Shares,USD,Common Stock,54087768,2025-10-19 04:13:17.309718,1
FLO,NYSE,XNYS,"Flowers Foods, Inc. Common Stock",USD,Common Stock,211178225,2025-10-19 04:13:17.593943,1
FLOC,NYSE,XNYS,Flowco Holdings Inc. Class A Common Stock,USD,Common Stock,25737244,2025-10-19 04:13:17.651477,1
FLR,NYSE,XNYS,Fluor Corporation Common Stock,USD,Common Stock,161664371,2025-10-19 04:13:17.584147,1
FLS,NYSE,XNYS,Flowserve Corporation Common Stock,USD,Common Stock,130782241,2025-10-19 04:13:17.585695,1
FLUT,NYSE,XNYS,Flutter Entertainment plc Ordinary Shares,USD,Common Stock,175376882,2025-10-19 04:13:17.583560,1
FMC,NYSE,XNYS,FMC Corporation Common Stock,USD,Common Stock,124911586,2025-10-19 04:13:17.595919,1
FMN,NYSE,XNYS,Federated Hermes Premier Municipal Income Fund,USD,Common Stock,7818701,2025-10-19 04:13:17.854119,1
FMS,NYSE,XNYS,Fresenius Medical Care AG American Depositary Shares (Each representing 1/2 of an Ordinary Share),USD,Common Stock,586826898,2025-10-19 04:13:17.876464,1
FMX,NYSE,XNYS,Fomento Economico Mexicano S.A.B. de C.V. Common Stock,USD,Common Stock,345537203,2025-10-19 04:13:18.126092,1
FMY,NYSE,XNYS,First Trust Motgage Income Fund Common Shares of Beneficial Interest,USD,Common Stock,4213115,2025-10-19 04:13:18.123416,1
FN,NYSE,XNYS,Fabrinet Ordinary Shares,USD,Common Stock,35729581,2025-10-19 04:13:18.124008,1
FNB,NYSE,XNYS,F.N.B. Corporation Common Stock,USD,Common Stock,358381940,2025-10-19 04:13:18.129700,1
FND,NYSE,XNYS,"Floor & Decor Holdings, Inc. Common Stock",USD,Common Stock,107691475,2025-10-19 04:13:18.627367,1
FNF,NYSE,XNYS,"Fidelity National Financial, Inc. Common Stock",USD,Common Stock,271722556,2025-10-19 04:13:18.622302,1
FNV,NYSE,XNYS,Franco-Nevada Corporation,USD,Common Stock,192701088,2025-10-19 04:13:18.906150,1
FOA,NYSE,XNYS,Finance of America Companies Inc. Class A Common Stock,USD,Common Stock,11079270,2025-10-19 04:13:18.439222,1
FOF,NYSE,XNYS,"Cohen & Steers Closed-End Opportunity Fund, Inc. Common Stock",USD,Common Stock,27718107,2025-10-19 04:13:18.846557,1
FOR,NYSE,XNYS,Forestar Group Inc Common Stock ,USD,Common Stock,50833171,2025-10-19 04:13:18.440462,1
FOUR,NYSE,XNYS,"Shift4 Payments, Inc. Class A Common Stock",USD,Common Stock,67291183,2025-10-19 04:13:18.744053,1
FPF,NYSE,XNYS,First Trust Intermediate Duration Preferred & Income Fund Common Shares of Beneficial Interest,USD,Common Stock,60847827,2025-10-19 04:13:18.709054,1
FPH,NYSE,XNYS,"Five Point Holdings, LLC Class A Common Shares",USD,Common Stock,69861335,2025-10-19 04:13:18.704747,1
FPI,NYSE,XNYS,Farmland Partners Inc. Common Stock,USD,Common Stock,44164368,2025-10-19 04:13:18.994669,1
FR,NYSE,XNYS,"First Industrial Realty Trust, Inc. Common Stock",USD,Common Stock,132422260,2025-10-19 04:13:19.275136,1
FRA,NYSE,XNYS,Blackrock Floating Rate Income Strategies Fund Inc  Common Stock,USD,Common Stock,35381351,2025-10-19 04:13:19.267391,1
FRGE,NYSE,XNYS,"Forge Global Holdings, Inc. Common Stock",USD,Common Stock,13591362,2025-10-19 04:13:19.271212,1
FRO,NYSE,XNYS,Frontline Plc Ordinary Shares,USD,Common Stock,222622889,2025-10-19 04:13:18.993566,1
FRT,NYSE,XNYS,Federal Realty Investment Trust Common Stock,USD,Common Stock,86266124,2025-10-19 04:13:19.819492,1
FSCO,NYSE,XNYS,FS Credit Opportunities Corp. Common Stock,USD,Common Stock,198355867,2025-10-19 04:13:19.550752,1
FSK,NYSE,XNYS,FS KKR Capital Corp. Common Stock,USD,Common Stock,280066433,2025-10-19 04:13:19.552583,1
FSLY,NYSE,XNYS,"Fastly, Inc. Class A Common Stock",USD,Common Stock,147400000,2025-10-19 04:13:19.623639,1
FSM,NYSE,XNYS,Fortuna Mining Corp. Common Shares,USD,Common Stock,306959986,2025-10-19 04:13:19.821217,1
FSS,NYSE,XNYS,Federal Signal Corporation Common Stock,USD,Common Stock,60791897,2025-10-19 04:13:19.824130,1
FT,NYSE,XNYS,Franklin Universal Trust Common Stock,USD,Common Stock,25131894,2025-10-19 04:13:19.831902,1
FTHY,NYSE,XNYS,First Trust High Yield Opportunities 2027 Term Fund Common Stock,USD,Common Stock,36772989,2025-10-19 04:13:20.094704,1
FTI,NYSE,XNYS,TechnipFMC plc Ordinary Share,USD,Common Stock,411016473,2025-10-19 04:13:19.827003,1
FTK,NYSE,XNYS,"Flotek Industries, Inc. Common Stock",USD,Common Stock,29857883,2025-10-19 04:13:19.868458,1
FTS,NYSE,XNYS,Fortis Inc. Common Shares,USD,Common Stock,503600000,2025-10-19 04:13:20.102230,1
FTV,NYSE,XNYS,Fortive Corporation Common Stock ,USD,Common Stock,338336345,2025-10-19 04:13:20.251663,1
FUBO,NYSE,XNYS,fuboTV Inc. Common Stock,USD,Common Stock,342433118,2025-10-19 04:13:20.103422,1
FUL,NYSE,XNYS,H. B. Fuller Company Common Stock,USD,Common Stock,54088889,2025-10-19 04:13:20.683682,1
FUN,NYSE,XNYS,Six Flags Entertainment Corporation Common Stock New,USD,Common Stock,101279362,2025-10-19 04:13:20.374476,1
FVR,NYSE,XNYS,"FrontView REIT, Inc. Common Stock",USD,Common Stock,20458985,2025-10-19 04:13:20.687416,1
FVRR,NYSE,XNYS,"Fiverr International Ltd. Ordinary Shares, no par value",USD,Common Stock,36932903,2025-10-19 04:13:21.143003,1
G,NYSE,XNYS,Genpact Limited Common Stock,USD,Common Stock,174270076,2025-10-19 04:13:20.864914,1
GAB,NYSE,XNYS,"Gabelli Equity Trust, Inc. (The) Common Stock",USD,Common Stock,309217495,2025-10-19 04:13:20.692403,1
GAM,NYSE,XNYS,"General American Investors, Inc. Common Stock",USD,Common Stock,23279512,2025-10-19 04:13:21.090495,1
GAP,NYSE,XNYS,"Gap, Inc. (The) Common Stock",USD,Common Stock,371047226,2025-10-19 04:13:20.970278,1
GATX,NYSE,XNYS,GATX Corporation Common Stock,USD,Common Stock,35640864,2025-10-19 04:13:21.452343,1
GBAB,NYSE,XNYS,Guggenheim Taxable Municipal Bond & Investment Grade Debt Trust Common Shares of Beneficial Interest,USD,Common Stock,26973509,2025-10-19 04:13:21.425152,1
GBCI,NYSE,XNYS,"Glacier Bancorp, Inc. Common Stock",USD,Common Stock,129900364,2025-10-19 04:13:21.236135,1
GBLI,NYSE,XNYS,"Global Indemnity Group, LLC Class A Common Stock (DE)",USD,Common Stock,10502716,2025-10-19 04:13:21.506959,1
GBTG,NYSE,XNYS,"Global Business Travel Group, Inc. Class A Common Stock",USD,Common Stock,529373841,2025-10-19 04:13:21.505389,1
GBX,NYSE,XNYS,"Greenbrier Companies, Inc. (The) Common Stock",USD,Common Stock,30883672,2025-10-19 04:13:21.531919,1
GCI,NYSE,XNYS,"Gannett Co., Inc. Common Stock",USD,Common Stock,146617081,2025-10-19 04:13:21.755516,1
GCO,NYSE,XNYS,Genesco Inc. Common Stock,USD,Common Stock,10795425,2025-10-19 04:13:22.049782,1
GCTS,NYSE,XNYS,"GCT Semiconductor Holding, Inc. Common Stock",USD,Common Stock,55859904,2025-10-19 04:13:22.047476,1
GCV,NYSE,XNYS,"Gabelli Convertible and Income Securities Fund, Inc. (The) Common Stock",USD,Common Stock,19918884,2025-10-19 04:13:22.315744,1
GD,NYSE,XNYS,General Dynamics Corporation Common Stock,USD,Common Stock,268993342,2025-10-19 04:13:22.316940,1
GDDY,NYSE,XNYS,GoDaddy Inc. Class A Common Stock,USD,Common Stock,138449017,2025-10-19 04:13:22.445776,1
GDL,NYSE,XNYS,"GDL Fund, The Common Shares of Beneficial Interest",USD,Common Stock,11194350,2025-10-19 04:13:22.898005,1
GDO,NYSE,XNYS,Western Asset Global Corporate Opportunity Fund Inc. Common Stock,USD,Common Stock,7519400,2025-10-19 04:13:23.094572,1
GDOT,NYSE,XNYS,"Green Dot Corporation Class A Common Stock, $0.001 par value",USD,Common Stock,55392705,2025-10-19 04:13:23.097019,1
GDV,NYSE,XNYS,Gabelli Dividend & Income Trust Common Shares of Beneficial Interest,USD,Common Stock,88609789,2025-10-19 04:13:23.092678,1
GE,NYSE,XNYS,GE Aerospace Common Stock,USD,Common Stock,1060439387,2025-10-19 04:13:23.102244,1
GEF,NYSE,XNYS,Greif Inc. Class A Common Stock,USD,Common Stock,26169944,2025-10-19 04:13:23.006790,1
GEL,NYSE,XNYS,"Genesis Energy, L.P. Common Units",USD,Common Stock,122424321,2025-10-19 04:13:23.476225,1
GENI,NYSE,XNYS,Genius Sports Limited Ordinary Shares,USD,Common Stock,238441220,2025-10-19 04:13:23.282694,1
GEO,NYSE,XNYS,Geo Group Inc (The) REIT,USD,Common Stock,141534615,2025-10-19 04:13:23.280936,1
GES,NYSE,XNYS,"Guess?, Inc. Common Stock",USD,Common Stock,52082463,2025-10-19 04:13:23.557741,1
GETY,NYSE,XNYS,"Getty Images Holdings, Inc. Class A Common Stock",USD,Common Stock,414811306,2025-10-19 04:13:23.633619,1
GEV,NYSE,XNYS,GE Vernova Inc. Common Stock,USD,Common Stock,272223940,2025-10-19 04:13:23.603161,1
GF,NYSE,XNYS,"New Germany Fund, Inc. (The) Common Stock",USD,Common Stock,16179780,2025-10-19 04:13:23.839022,1
GFF,NYSE,XNYS,Griffon Corporation Common Stock,USD,Common Stock,46558649,2025-10-19 04:13:24.480821,1
GFI,NYSE,XNYS,Gold Fields Limited American Depositary Shares,USD,Common Stock,895024247,2025-10-19 04:13:24.340009,1
